3167 5234
368 568 424 624 162
645 562 671 609 Ρ.
696 562 863 609 vrsoluu
888 562 1060 611 Minonis

363 700 498 781 Degere,
514 720 597 761 more
611 702 694 774 ferse,
709 703 786 761 teies
800 722 858 761 nec
870 710 996 781 tangere
1011 704 1119 761 cures!

363 796 393 855 N
395 816 433 855 on
447 806 568 856 servate
581 796 656 855 fides
670 797 764 855 oineri
778 798 924 875 promissa
938 797 1065 875 Sychaeo
1080 800 1087 857 Ι

362 889 477 951 Tantos
490 891 542 950 illa
555 910 611 950 suo
624 893 780 970 rumpebat
795 900 916 969 pectore
932 898 1064 969 questus.

401 984 523 1043 AEnees
537 983 621 1044 celsis
634 984 663 1043 in
679 984 778 1063 puppi,
790 986 852 1060 jem
867 984 1081 1057 certus'eundi,

363 1077 517 1155 Carpebet
531 1098 660 1150 somnos,
676 1080 769 1137 rebus
783 1079 847 1154 jem
859 1078 915 1137 rite
934 1079 1054 1156 peratis.

362 1171 446 1231 Huic
460 1192 493 1231 se
508 1173 602 1231 forme
615 1172 674 1245 dei,
690 1173 772 1231 vultu
790 1172 942 1231 redeuntis
957 1172 1072 1245 eodem,

361 1265 476 1326 Obtulit
491 1266 657 1337 insomnis,
674 1284 839 1343 rursusque
854 1266 896 1323 ita
911 1265 974 1325 visa
987 1286 1110 1325 monere
1124 1274 1169 1327 est
1183 1286 1191 1338 ς

361 1359 470 1417 Omnia
483 1358 638 1419 Mercurio
651 1359 766 1430 similis,
781 1377 958 1436 vocemque,
974 1360 1175 1437 coloremque,

361 1452 402 1512 Et
416 1453 516 1512 crines
529 1453 634 1525 fluvoe,
651 1462 681 1511 et
695 1455 829 1511 membre
842 1452 953 1510 decora
970 1452 1102 1529 juventae
1116 1472 1124 1512 z

361 1546 441 1605 Nate
455 1545 523 1619 des,
540 1554 625 1624 potes
638 1547 696 1605 hoc
709 1548 765 1605 sub
779 1566 853 1605 casu
868 1547 979 1605 ducere
994 1566 1113 1607 somnos
1128 1547 1139 1603 ?
1291 1548 1355 1612 550,

360 1640 439 1712 Nec,
457 1660 523 1718 ques
537 1649 567 1698 te
581 1641 694 1699 circum
708 1647 787 1698 stent
802 1640 908 1699 deinde
923 1642 1067 1719 pericula,
1084 1641 1183 1700 cernis
1199 1640 1210 1698 i
1235 1708 1240 1719 ,

359 1734 515 1794 Demens!
537 1753 594 1793 nec
608 1734 764 1812 Zephyros
779 1734 865 1793 audis
879 1735 994 1813 spirere
1009 1736 1157 1795 secundos
1171 1736 1182 1792 ?

360 1827 418 1887 illu
430 1828 514 1887 dolos
529 1828 685 1904 dirumque
699 1829 785 1886 nesse
799 1828 828 1886 in
843 1838 965 1906 pectore
980 1837 1089 1901 verset,

361 1920 457 1981 Certa
470 1922 555 1993 mori,
572 1922 715 1997 varioque
727 1922 838 1980 irarum
853 1922 978 1981 fluctuat
991 1930 1075 1983 aestu.

360 2015 429 2075 Nou
443 2009 522 2094 fugis
536 2015 607 2073 binc
620 2034 765 2093 praeceps,
781 2016 852 2074 dum
866 2017 1051 2095 praecipitere
1066 2024 1198 2095 potestus
1212 2019 1223 2074 i
1290 2020 1349 2079 565

358 2108 428 2167 Jsm
442 2127 524 2166 mare
537 2109 653 2169 turbari
666 2108 812 2180 trabibus,
829 2128 984 2186 saevasque
999 2110 1114 2169 videbis

360 2202 522 2262 Collucere
536 2203 631 2275 feces,
650 2203 713 2280 jam
726 2202 843 2261 fervere
857 2204 1105 2277 litteratissimis,
1128 2220 1136 2239 ·

360 2298 392 2355 Si
404 2307 434 2356 te
449 2298 495 2356 his
509 2298 640 2375 attigerit
654 2298 742 2356 terris
755 2299 875 2357 Aurora
890 2308 1062 2360 morantem.

358 2389 418 2449 Eia
432 2409 501 2470 ege,
517 2410 621 2468 rumpe
635 2411 743 2451 moras.
786 2391 912 2451 Varium
928 2403 957 2451 et
971 2395 1111 2453 mutabile
1125 2414 1243 2475 sempor

359 2484 506 2544 Foemiua.
548 2480 700 2557 Sicsatus,
717 2486 844 2557 noctise
859 2488 1016 2547 immiscuit
1031 2497 1113 2549 atrei.
1289 2492 1349 2550 570

398 2578 477 2637 Tum
492 2578 563 2637 verd
576 2579 708 2651 AEneas,
723 2580 829 2638 subitis
843 2581 1002 2639 exterritus
1016 2584 1137 2656 umbris,

361 2670 494 2749 Corripit
508 2692 525 2730 e
539 2692 643 2732 somno
656 2692 776 2750 corpus,
791 2674 950 2751 sociosque
965 2675 1091 2754 fatigat:

359 2765 534 2843 Praecipites
547 2766 678 2844 vigilate,
692 2767 759 2837 viri,
775 2774 805 2825 et
820 2768 964 2826 considite
978 2770 1115 2830 transtris
1129 2788 1137 2841 3

360 2860 471 2918 Solvite
486 2859 554 2918 vele
567 2860 628 2919 citi.
669 2860 767 2932 Deus,
784 2861 895 2919 ethere
910 2862 1017 2920 missus
1031 2865 1069 2921 eb
1084 2865 1155 2937 alto,

358 2952 518 3012 Festinsre
532 2954 643 3032 firgam,
659 2961 814 3031 tortosque
832 2954 964 3013 incidere
979 2957 1075 3029 funes,
1288 2960 1347 3017 575

358 3046 443 3106 Ecce
457 3047 564 3107 iterum
578 3048 716 3107 stimulet.
760 3050 920 3125 Sequimur
933 3057 973 3120 te,
990 3058 1094 3109 sancte
1108 3050 1241 3125 deorum,

360 3140 505 3218 Quisquis
519 3161 562 3213 es,
579 3141 763 3219 imperioque
777 3142 885 3201 iterum
899 3162 1039 3221 paremus
1054 3153 1187 3205 ovantes.

358 3235 449 3294 Adsis
463 3256 491 3307 o,
507 3235 702 3313 placidusque
718 3236 818 3312 juves,
835 3246 864 3295 et
879 3237 979 3295 sidera
993 3239 1071 3297 coelo

357 3328 475 3388 Dextra
487 3330 575 3387 seres.
617 3329 701 3387 Dixit
716 3349 724 3387 τ
747 3330 917 3408 regiosque
932 3332 1018 3410 eripit
1032 3350 1134 3391 ensem

357 3422 556 3494 Fulmineum,
573 3424 735 3501 strictoque
750 3424 817 3483 ferit
831 3426 997 3484 retinacula
1010 3426 1099 3485 ferro.
1287 3430 1347 3488 500

358 3518 442 3577 Idem
455 3539 559 3578 omnes
572 3520 659 3578 simul
674 3520 764 3579 ardor
777 3520 868 3579 hebet
883 3540 891 3591 ;
915 3522 1104 3599 rapiuntque,
1121 3530 1280 3601 ruuntque.

356 3612 475 3673 Littors
487 3612 648 3674 deseruere
662 3634 670 3683 ;
694 3615 767 3673 latet
780 3616 836 3673 sub
851 3614 998 3675 elassibus
1012 3636 1116 3694 aequor
1129 3636 1138 3688 ς

356 3707 466 3767 Adniri
482 3717 623 3785 torquent
637 3727 768 3787 spumas,
784 3718 815 3767 et
829 3709 941 3768 oaerula
955 3718 1085 3771 verrunt.

396 3801 437 3860 Et
454 3802 516 3878 jam
533 3802 627 3880 prime
639 3822 716 3861 novo
730 3804 893 3881 spargebat
907 3803 1017 3862 lumine
1031 3812 1128 3864 terras

356 3895 478 3954 Tithoni
492 3916 633 3956 croceum
646 3897 785 3974 linquens
800 3900 919 3956 Aurora
933 3898 1049 3959 cubile:
1286 3900 1346 3960 505

356 3988 479 4067 Regina
492 4010 510 4047 e
524 3992 656 4068 speculis
670 4000 701 4048 ut
716 3990 842 4068 primiun
857 3991 1013 4049 albescere
1027 3993 1125 4051 lucem

356 4082 450 4154 Vidit,
464 4092 493 4141 et
508 4086 635 4160 aequatis
649 4086 778 4144 classem
792 4086 956 4164 procedere
971 4084 1056 4158 velis,

355 4176 533 4254 Litteraque
547 4188 576 4237 et
591 4198 704 4237 vacuos
717 4180 810 4239 sensit
824 4180 888 4239 siue
902 4180 1016 4258 remige
1030 4188 1133 4258 portus
1149 4200 1156 4251 ;

356 4268 478 4346 Terque
494 4280 660 4350 quaterque
674 4291 764 4332 manu
778 4282 884 4351 pectus
898 4292 1043 4351 percussa
1057 4274 1209 4347 decorum,

355 4362 578 4443 Fleventesque
593 4367 729 4425 abscissa
741 4386 862 4426 eomes:
884 4367 966 4426 Proh
978 4368 1118 4445 Jupiter!
1139 4366 1193 4427 ibit
1285 4368 1345 4427 590
