<?xml version="1.0" encoding="UTF-8"?>
<!DOCTYPE html PUBLIC "-//W3C//DTD XHTML 1.0 Transitional//EN"
    "http://www.w3.org/TR/xhtml1/DTD/xhtml1-transitional.dtd">
<html xmlns="http://www.w3.org/1999/xhtml" xml:lang="en" lang="en">
 <head>
  <title>
</title>
<meta http-equiv="Content-Type" content="text/html;charset=utf-8" />
  <meta name='ocr-system' content='tesseract 3.04.00' />
  <meta name='ocr-capabilities' content='ocr_page ocr_carea ocr_par ocr_line ocrx_word'/>
</head>
<body>
  <div class='ocr_page' id='page_1' title='image "./pvirgiliimaroni01bowegoog/pvirgiliimaroni01bowegoog_0251.png"; bbox 0 0 3167 5234; ppageno 0'>
   <div class='ocr_carea' id='block_1_1' title="bbox 541 572 896 627">
    <p class='ocr_par' dir='ltr' id='par_1_1' title="bbox 541 572 896 627">
     <span class='ocr_line' id='line_1_1' title="bbox 541 572 896 627; baseline 0.014 -6"><span class='ocrx_word' id='word_1_1' title='bbox 541 572 713 624; x_wconf 72' lang='lat' dir='ltr'>AENEIDOS</span> <span class='ocrx_word' id='word_1_2' title='bbox 732 577 801 627; x_wconf 77' lang='lat' dir='ltr'>nm.</span> <span class='ocrx_word' id='word_1_3' title='bbox 818 578 896 626; x_wconf 88' lang='lat' dir='ltr'>VIII.</span> 
     </span>
    </p>
   </div>
   <div class='ocr_carea' id='block_1_2' title="bbox 159 712 1212 4339">
    <p class='ocr_par' dir='ltr' id='par_1_2' title="bbox 231 712 945 791">
     <span class='ocr_line' id='line_1_2' title="bbox 231 712 945 791; baseline 0 -17"><span class='ocrx_word' id='word_1_4' title='bbox 231 714 345 786; x_wconf 79' lang='lat' dir='ltr'>Auree,</span> <span class='ocrx_word' id='word_1_5' title='bbox 360 714 413 771; x_wconf 88' lang='lat' dir='ltr'>sed</span> <span class='ocrx_word' id='word_1_6' title='bbox 427 712 520 771; x_wconf 86' lang='lat' dir='ltr'>fluotu</span> <span class='ocrx_word' id='word_1_7' title='bbox 533 717 709 791; x_wconf 87' lang='lat' dir='ltr'>spumabant</span> <span class='ocrx_word' id='word_1_8' title='bbox 722 718 834 777; x_wconf 73' lang='lat' dir='ltr'>eanrla</span> <span class='ocrx_word' id='word_1_9' title='bbox 847 736 924 775; x_wconf 86' lang='lat' dir='ltr'>eano</span> <span class='ocrx_word' id='word_1_10' title='bbox 937 734 945 787; x_wconf 92' lang='grc'><strong>;</strong></span> 
     </span>
    </p>

    <p class='ocr_par' dir='ltr' id='par_1_3' title="bbox 231 808 954 888">
     <span class='ocr_line' id='line_1_3' title="bbox 231 808 954 888; baseline 0 -19"><span class='ocrx_word' id='word_1_11' title='bbox 231 808 274 869; x_wconf 88' lang='lat' dir='ltr'>Et</span> <span class='ocrx_word' id='word_1_12' title='bbox 288 809 399 868; x_wconf 76' lang='lat' dir='ltr'>circum</span> <span class='ocrx_word' id='word_1_13' title='bbox 413 816 538 885; x_wconf 86' lang='lat' dir='ltr'>argento</span> <span class='ocrx_word' id='word_1_14' title='bbox 552 808 626 867; x_wconf 86' lang='lat' dir='ltr'>olari</span> <span class='ocrx_word' id='word_1_15' title='bbox 640 809 793 888; x_wconf 77' lang='lat' dir='ltr'>delphines</span> <span class='ocrx_word' id='word_1_16' title='bbox 808 812 837 869; x_wconf 91' lang='lat' dir='ltr'>in</span> <span class='ocrx_word' id='word_1_17' title='bbox 851 812 954 869; x_wconf 89' lang='lat' dir='ltr'>orbem</span> 
     </span>
    </p>

    <p class='ocr_par' dir='ltr' id='par_1_4' title="bbox 230 902 1018 979">
     <span class='ocr_line' id='line_1_4' title="bbox 230 902 1018 979; baseline 0.004 -18"><span class='ocrx_word' id='word_1_18' title='bbox 230 902 373 979; x_wconf 79' lang='lat' dir='ltr'>AEquora</span> <span class='ocrx_word' id='word_1_19' title='bbox 385 902 545 960; x_wconf 83' lang='lat' dir='ltr'>verrebant</span> <span class='ocrx_word' id='word_1_20' title='bbox 558 902 672 974; x_wconf 80' lang='lat' dir='ltr'>caudis,</span> <span class='ocrx_word' id='word_1_21' title='bbox 688 912 852 979; x_wconf 70' lang='lat' dir='ltr'>aestumque</span> <span class='ocrx_word' id='word_1_22' title='bbox 867 906 1018 964; x_wconf 77' lang='lat' dir='ltr'>secabant.</span> 
     </span>
    </p>

    <p class='ocr_par' dir='ltr' id='par_1_5' title="bbox 229 992 1211 1164">
     <span class='ocr_line' id='line_1_5' title="bbox 229 992 1211 1069; baseline 0.005 -17"><span class='ocrx_word' id='word_1_23' title='bbox 229 992 266 1053; x_wconf 85' lang='lat' dir='ltr'>ln</span> <span class='ocrx_word' id='word_1_24' title='bbox 278 994 377 1053; x_wconf 90' lang='lat' dir='ltr'>medio</span> <span class='ocrx_word' id='word_1_25' title='bbox 391 995 505 1052; x_wconf 83' lang='lat' dir='ltr'>classes</span> <span class='ocrx_word' id='word_1_26' title='bbox 519 1003 637 1066; x_wconf 72' lang='lat' dir='ltr'>teretes,</span> <span class='ocrx_word' id='word_1_27' title='bbox 653 997 744 1057; x_wconf 80' lang='lat' dir='ltr'>Aetia</span> <span class='ocrx_word' id='word_1_28' title='bbox 757 998 846 1069; x_wconf 89' lang='lat' dir='ltr'>belle,</span> <span class='ocrx_word' id='word_1_29' title='bbox 1152 1000 1211 1057; x_wconf 79' lang='lat'>6&#39;16</span> 
     </span>
     <span class='ocr_line' id='line_1_6' title="bbox 230 1086 1045 1164; baseline 0.004 -17"><span class='ocrx_word' id='word_1_30' title='bbox 230 1086 369 1147; x_wconf 78' lang='lat' dir='ltr'>Cernere</span> <span class='ocrx_word' id='word_1_31' title='bbox 383 1096 467 1157; x_wconf 60' lang='lat' dir='ltr'>erate</span> <span class='ocrx_word' id='word_1_32' title='bbox 490 1096 643 1164; x_wconf 91' lang='lat' dir='ltr'>totumque</span> <span class='ocrx_word' id='word_1_33' title='bbox 656 1090 801 1149; x_wconf 84' lang='lat' dir='ltr'>instructo</span> <span class='ocrx_word' id='word_1_34' title='bbox 814 1090 914 1149; x_wconf 76' lang='lat' dir='ltr'>Mene</span> <span class='ocrx_word' id='word_1_35' title='bbox 928 1090 1045 1150; x_wconf 83' lang='lat' dir='ltr'>videres</span> 
     </span>
    </p>

    <p class='ocr_par' dir='ltr' id='par_1_6' title="bbox 229 1178 1111 1357">
     <span class='ocr_line' id='line_1_7' title="bbox 229 1178 1111 1262; baseline 0.007 -24"><span class='ocrx_word' id='word_1_36' title='bbox 229 1178 365 1239; x_wconf 82' lang='lat' dir='ltr'>Fervere</span> <span class='ocrx_word' id='word_1_37' title='bbox 377 1178 545 1253; x_wconf 83' lang='lat' dir='ltr'>Leucatan,</span> <span class='ocrx_word' id='word_1_38' title='bbox 561 1201 695 1258; x_wconf 88' lang='lat' dir='ltr'>auroque</span> <span class='ocrx_word' id='word_1_39' title='bbox 709 1183 853 1262; x_wconf 82' lang='lat' dir='ltr'>effulgere</span> <span class='ocrx_word' id='word_1_40' title='bbox 869 1184 985 1243; x_wconf 84' lang='lat' dir='ltr'>fluetus.</span> <span class='ocrx_word' id='word_1_41' title='bbox 1105 1213 1111 1224; x_wconf 81' lang='lat'><em>=</em></span> 
     </span>
     <span class='ocr_line' id='line_1_8' title="bbox 229 1274 988 1357; baseline 0.005 -24"><span class='ocrx_word' id='word_1_42' title='bbox 229 1274 314 1333; x_wconf 84' lang='lat' dir='ltr'>Hine</span> <span class='ocrx_word' id='word_1_43' title='bbox 328 1276 483 1354; x_wconf 82' lang='lat' dir='ltr'>Augustus</span> <span class='ocrx_word' id='word_1_44' title='bbox 496 1296 588 1355; x_wconf 89' lang='lat' dir='ltr'>agens</span> <span class='ocrx_word' id='word_1_45' title='bbox 603 1277 695 1337; x_wconf 89' lang='lat' dir='ltr'>Italos</span> <span class='ocrx_word' id='word_1_46' title='bbox 708 1278 738 1336; x_wconf 91' lang='lat' dir='ltr'>in</span> <span class='ocrx_word' id='word_1_47' title='bbox 752 1280 857 1357; x_wconf 83' lang='lat' dir='ltr'>proelie</span> <span class='ocrx_word' id='word_1_48' title='bbox 871 1279 988 1352; x_wconf 73' lang='lat' dir='ltr'>cesar,</span> 
     </span>
    </p>

    <p class='ocr_par' dir='ltr' id='par_1_7' title="bbox 230 1366 1098 1451">
     <span class='ocr_line' id='line_1_9' title="bbox 230 1366 1098 1451; baseline 0.006 -24"><span class='ocrx_word' id='word_1_49' title='bbox 230 1366 311 1427; x_wconf 86' lang='lat' dir='ltr'>Cum</span> <span class='ocrx_word' id='word_1_50' title='bbox 325 1370 468 1446; x_wconf 86' lang='lat' dir='ltr'>patribus,</span> <span class='ocrx_word' id='word_1_51' title='bbox 484 1371 663 1447; x_wconf 86' lang='lat' dir='ltr'>populoque,</span> <span class='ocrx_word' id='word_1_52' title='bbox 678 1371 851 1443; x_wconf 89' lang='lat' dir='ltr'>Penatibus,</span> <span class='ocrx_word' id='word_1_53' title='bbox 869 1380 898 1429; x_wconf 90' lang='lat' dir='ltr'>et</span> <span class='ocrx_word' id='word_1_54' title='bbox 912 1372 1028 1451; x_wconf 85' lang='lat' dir='ltr'>maguis</span> <span class='ocrx_word' id='word_1_55' title='bbox 1041 1372 1098 1446; x_wconf 76' lang='lat' dir='ltr'>dte,</span> 
     </span>
    </p>

    <p class='ocr_par' dir='ltr' id='par_1_8' title="bbox 159 1456 1212 1635">
     <span class='ocr_line' id='line_1_10' title="bbox 159 1456 1212 1543; baseline 0.008 -26"><span class='ocrx_word' id='word_1_56' title='bbox 159 1456 163 1461; x_wconf 78' lang='grc'><strong>’</strong></span> <span class='ocrx_word' id='word_1_57' title='bbox 230 1460 321 1519; x_wconf 86' lang='lat' dir='ltr'>Stena</span> <span class='ocrx_word' id='word_1_58' title='bbox 334 1460 417 1519; x_wconf 78' lang='lat' dir='ltr'>celaia</span> <span class='ocrx_word' id='word_1_59' title='bbox 430 1462 460 1520; x_wconf 91' lang='lat' dir='ltr'>in</span> <span class='ocrx_word' id='word_1_60' title='bbox 474 1463 563 1540; x_wconf 92' lang='lat' dir='ltr'>puppi</span> <span class='ocrx_word' id='word_1_61' title='bbox 578 1482 586 1532; x_wconf 72' lang='grc' dir='ltr'><strong><em>ς</em></strong></span> <span class='ocrx_word' id='word_1_62' title='bbox 610 1464 744 1542; x_wconf 87' lang='lat' dir='ltr'>geminas</span> <span class='ocrx_word' id='word_1_63' title='bbox 758 1465 808 1523; x_wconf 86' lang='lat' dir='ltr'>oui</span> <span class='ocrx_word' id='word_1_64' title='bbox 821 1474 955 1543; x_wconf 86' lang='lat' dir='ltr'>tempore</span> <span class='ocrx_word' id='word_1_65' title='bbox 968 1466 1101 1525; x_wconf 85' lang='lat' dir='ltr'>flammas</span> <span class='ocrx_word' id='word_1_66' title='bbox 1153 1468 1212 1525; x_wconf 81' lang='grc'>680</span> 
     </span>
     <span class='ocr_line' id='line_1_11' title="bbox 230 1554 1040 1635; baseline 0.006 -22"><span class='ocrx_word' id='word_1_67' title='bbox 230 1554 318 1613; x_wconf 76' lang='lat' dir='ltr'>Laeta</span> <span class='ocrx_word' id='word_1_68' title='bbox 331 1564 460 1628; x_wconf 82' lang='lat' dir='ltr'>vomunt,</span> <span class='ocrx_word' id='word_1_69' title='bbox 478 1557 664 1634; x_wconf 87' lang='lat' dir='ltr'>patriumque</span> <span class='ocrx_word' id='word_1_70' title='bbox 679 1557 811 1635; x_wconf 75' lang='lat' dir='ltr'>aperitur</span> <span class='ocrx_word' id='word_1_71' title='bbox 825 1559 935 1616; x_wconf 79' lang='lat' dir='ltr'>vertice</span> <span class='ocrx_word' id='word_1_72' title='bbox 950 1558 1040 1619; x_wconf 84' lang='lat' dir='ltr'>sidus.</span> 
     </span>
    </p>

    <p class='ocr_par' dir='ltr' id='par_1_9' title="bbox 196 1645 934 1729">
     <span class='ocr_line' id='line_1_12' title="bbox 196 1645 934 1729; baseline 0.005 -24"><span class='ocrx_word' id='word_1_73' title='bbox 196 1686 200 1693; x_wconf 95' lang='lat'>-</span> <span class='ocrx_word' id='word_1_74' title='bbox 229 1645 322 1706; x_wconf 85' lang='lat' dir='ltr'>Parte</span> <span class='ocrx_word' id='word_1_75' title='bbox 336 1647 406 1720; x_wconf 70' lang='lat' dir='ltr'>aliia,</span> <span class='ocrx_word' id='word_1_76' title='bbox 423 1650 519 1708; x_wconf 77' lang='lat' dir='ltr'>ventls</span> <span class='ocrx_word' id='word_1_77' title='bbox 532 1658 562 1707; x_wconf 91' lang='lat' dir='ltr'>et</span> <span class='ocrx_word' id='word_1_78' title='bbox 575 1650 621 1708; x_wconf 84' lang='lat' dir='ltr'>dle</span> <span class='ocrx_word' id='word_1_79' title='bbox 634 1652 770 1729; x_wconf 84' lang='lat' dir='ltr'>Agrippa</span> <span class='ocrx_word' id='word_1_80' title='bbox 784 1652 934 1723; x_wconf 85' lang='lat' dir='ltr'>secundis,</span> 
     </span>
    </p>

    <p class='ocr_par' dir='ltr' id='par_1_10' title="bbox 230 1741 1098 1914">
     <span class='ocr_line' id='line_1_13' title="bbox 230 1741 1098 1823; baseline 0.007 -24"><span class='ocrx_word' id='word_1_81' title='bbox 230 1741 362 1813; x_wconf 84' lang='lat' dir='ltr'>Arduus,</span> <span class='ocrx_word' id='word_1_82' title='bbox 378 1761 486 1821; x_wconf 89' lang='lat' dir='ltr'>agmen</span> <span class='ocrx_word' id='word_1_83' title='bbox 500 1762 594 1821; x_wconf 88' lang='lat' dir='ltr'>agana</span> <span class='ocrx_word' id='word_1_84' title='bbox 608 1762 616 1813; x_wconf 90' lang='lat'>;</span> <span class='ocrx_word' id='word_1_85' title='bbox 640 1744 699 1815; x_wconf 83' lang='lat' dir='ltr'>eui,</span> <span class='ocrx_word' id='word_1_86' title='bbox 713 1744 785 1802; x_wconf 90' lang='lat' dir='ltr'>belli</span> <span class='ocrx_word' id='word_1_87' title='bbox 799 1744 915 1821; x_wconf 79' lang='lat' dir='ltr'>insIgne</span> <span class='ocrx_word' id='word_1_88' title='bbox 928 1747 1098 1823; x_wconf 86' lang='lat' dir='ltr'>superbum,</span> 
     </span>
     <span class='ocr_line' id='line_1_14' title="bbox 231 1832 897 1914; baseline 0 -21"><span class='ocrx_word' id='word_1_89' title='bbox 231 1832 494 1912; x_wconf 66' lang='lat' dir='ltr'>Tempore‘nerali</span> <span class='ocrx_word' id='word_1_90' title='bbox 506 1834 621 1914; x_wconf 79' lang='lat' dir='ltr'>fulgent</span> <span class='ocrx_word' id='word_1_91' title='bbox 634 1845 762 1895; x_wconf 77' lang='lat' dir='ltr'>nostrate</span> <span class='ocrx_word' id='word_1_92' title='bbox 776 1834 897 1895; x_wconf 66' lang='lat' dir='ltr'>coronis.</span> 
     </span>
    </p>

    <p class='ocr_par' dir='ltr' id='par_1_11' title="bbox 230 1924 1208 2099">
     <span class='ocr_line' id='line_1_15' title="bbox 230 1924 1208 2009; baseline 0.004 -25"><span class='ocrx_word' id='word_1_93' title='bbox 230 1924 314 1985; x_wconf 85' lang='lat' dir='ltr'>Hine</span> <span class='ocrx_word' id='word_1_94' title='bbox 328 1946 384 2009; x_wconf 91' lang='lat' dir='ltr'>ope</span> <span class='ocrx_word' id='word_1_95' title='bbox 398 1928 557 1987; x_wconf 71' lang='lat' dir='ltr'>barbaricis</span> <span class='ocrx_word' id='word_1_96' title='bbox 569 1930 718 2005; x_wconf 77' lang='lat' dir='ltr'>variisque</span> <span class='ocrx_word' id='word_1_97' title='bbox 733 1929 881 1988; x_wconf 82' lang='lat' dir='ltr'>Antonius</span> <span class='ocrx_word' id='word_1_98' title='bbox 896 1930 997 2002; x_wconf 84' lang='lat' dir='ltr'>armis,</span> <span class='ocrx_word' id='word_1_99' title='bbox 1150 1932 1208 1989; x_wconf 79' lang='lat'>685</span> 
     </span>
     <span class='ocr_line' id='line_1_16' title="bbox 230 2018 925 2099; baseline 0.006 -23"><span class='ocrx_word' id='word_1_100' title='bbox 230 2018 337 2077; x_wconf 81' lang='lat' dir='ltr'>Victor</span> <span class='ocrx_word' id='word_1_101' title='bbox 349 2021 389 2078; x_wconf 87' lang='lat' dir='ltr'>ab</span> <span class='ocrx_word' id='word_1_102' title='bbox 401 2021 527 2079; x_wconf 69' lang='lat' dir='ltr'>Aurorae</span> <span class='ocrx_word' id='word_1_103' title='bbox 542 2022 656 2099; x_wconf 83' lang='lat' dir='ltr'>populis</span> <span class='ocrx_word' id='word_1_104' title='bbox 670 2030 699 2079; x_wconf 85' lang='lat' dir='ltr'>et</span> <span class='ocrx_word' id='word_1_105' title='bbox 712 2022 810 2080; x_wconf 90' lang='lat' dir='ltr'>littore</span> <span class='ocrx_word' id='word_1_106' title='bbox 824 2023 925 2093; x_wconf 90' lang='lat' dir='ltr'>rubro,</span> 
     </span>
    </p>

    <p class='ocr_par' dir='ltr' id='par_1_12' title="bbox 229 2111 995 2191">
     <span class='ocr_line' id='line_1_17' title="bbox 229 2111 995 2191; baseline 0.008 -22"><span class='ocrx_word' id='word_1_107' title='bbox 229 2111 409 2191; x_wconf 77' lang='lat' dir='ltr'>AElgyptum,</span> <span class='ocrx_word' id='word_1_108' title='bbox 424 2114 562 2189; x_wconf 80' lang='lat' dir='ltr'>viresque</span> <span class='ocrx_word' id='word_1_109' title='bbox 576 2114 716 2185; x_wconf 89' lang='lat' dir='ltr'>Orientis,</span> <span class='ocrx_word' id='word_1_110' title='bbox 733 2123 763 2172; x_wconf 90' lang='lat' dir='ltr'>et</span> <span class='ocrx_word' id='word_1_111' title='bbox 776 2115 879 2173; x_wconf 89' lang='lat' dir='ltr'>ultima</span> <span class='ocrx_word' id='word_1_112' title='bbox 892 2134 995 2175; x_wconf 83' lang='lat' dir='ltr'>secum</span> 
     </span>
    </p>

    <p class='ocr_par' dir='ltr' id='par_1_13' title="bbox 229 2203 1146 2378">
     <span class='ocr_line' id='line_1_18' title="bbox 229 2203 1146 2286; baseline 0.005 -23"><span class='ocrx_word' id='word_1_113' title='bbox 229 2203 344 2264; x_wconf 79' lang='lat' dir='ltr'>Baetra</span> <span class='ocrx_word' id='word_1_114' title='bbox 357 2205 438 2264; x_wconf 83' lang='lat' dir='ltr'>vehit</span> <span class='ocrx_word' id='word_1_115' title='bbox 453 2224 461 2275; x_wconf 86' lang='lat'>;</span> <span class='ocrx_word' id='word_1_116' title='bbox 485 2207 677 2284; x_wconf 79' lang='lat' dir='ltr'>sequiturque</span> <span class='ocrx_word' id='word_1_117' title='bbox 691 2205 789 2284; x_wconf 83' lang='lat' dir='ltr'>(nefas</span> <span class='ocrx_word' id='word_1_118' title='bbox 803 2209 826 2283; x_wconf 87' lang='lat' dir='ltr'>l)</span> <span class='ocrx_word' id='word_1_119' title='bbox 854 2207 1004 2286; x_wconf 82' lang='lat' dir='ltr'>AEgyptie</span> <span class='ocrx_word' id='word_1_120' title='bbox 1029 2207 1146 2284; x_wconf 79' lang='lat' dir='ltr'>conjux.</span> 
     </span>
     <span class='ocr_line' id='line_1_19' title="bbox 229 2296 993 2378; baseline 0.008 -23"><span class='ocrx_word' id='word_1_121' title='bbox 229 2296 299 2357; x_wconf 66' lang='lat' dir='ltr'>Unel</span> <span class='ocrx_word' id='word_1_122' title='bbox 312 2317 415 2356; x_wconf 86' lang='lat' dir='ltr'>omnes</span> <span class='ocrx_word' id='word_1_123' title='bbox 428 2317 527 2372; x_wconf 88' lang='lat' dir='ltr'>ruere,</span> <span class='ocrx_word' id='word_1_124' title='bbox 543 2317 580 2357; x_wconf 90' lang='lat' dir='ltr'>ac</span> <span class='ocrx_word' id='word_1_125' title='bbox 593 2307 686 2359; x_wconf 91' lang='lat' dir='ltr'>totum</span> <span class='ocrx_word' id='word_1_126' title='bbox 699 2320 847 2378; x_wconf 86' lang='lat' dir='ltr'>spumare,</span> <span class='ocrx_word' id='word_1_127' title='bbox 861 2300 993 2361; x_wconf 79' lang='lat' dir='ltr'>reductis</span> 
     </span>
    </p>

    <p class='ocr_par' dir='ltr' id='par_1_14' title="bbox 228 2388 1211 2563">
     <span class='ocr_line' id='line_1_20' title="bbox 231 2388 1211 2469; baseline 0.002 -18"><span class='ocrx_word' id='word_1_128' title='bbox 231 2388 416 2451; x_wconf 77' lang='lat' dir='ltr'>Consulsum</span> <span class='ocrx_word' id='word_1_129' title='bbox 429 2392 520 2449; x_wconf 88' lang='lat' dir='ltr'>remia</span> <span class='ocrx_word' id='word_1_130' title='bbox 533 2393 695 2469; x_wconf 89' lang='lat' dir='ltr'>rostrisque</span> <span class='ocrx_word' id='word_1_131' title='bbox 708 2393 894 2463; x_wconf 85' lang='lat' dir='ltr'>tridentibus,</span> <span class='ocrx_word' id='word_1_132' title='bbox 911 2412 1021 2469; x_wconf 66' lang='lat' dir='ltr'>aequor.</span> <span class='ocrx_word' id='word_1_133' title='bbox 1152 2396 1211 2453; x_wconf 79' lang='lat'>690</span> 
     </span>
     <span class='ocr_line' id='line_1_21' title="bbox 228 2484 956 2563; baseline 0.003 -22"><span class='ocrx_word' id='word_1_134' title='bbox 228 2484 301 2541; x_wconf 85' lang='lat' dir='ltr'>Alta</span> <span class='ocrx_word' id='word_1_135' title='bbox 315 2490 416 2561; x_wconf 88' lang='lat' dir='ltr'>petunt</span> <span class='ocrx_word' id='word_1_136' title='bbox 430 2502 439 2541; x_wconf 74' lang='lat' dir='ltr'>t</span> <span class='ocrx_word' id='word_1_137' title='bbox 461 2484 569 2563; x_wconf 87' lang='lat' dir='ltr'>pelago</span> <span class='ocrx_word' id='word_1_138' title='bbox 583 2485 690 2543; x_wconf 83' lang='lat' dir='ltr'>credas</span> <span class='ocrx_word' id='word_1_139' title='bbox 704 2486 807 2543; x_wconf 89' lang='lat' dir='ltr'>innare</span> <span class='ocrx_word' id='word_1_140' title='bbox 821 2486 956 2543; x_wconf 82' lang='lat' dir='ltr'>revulsas</span> 
     </span>
    </p>

    <p class='ocr_par' dir='ltr' id='par_1_15' title="bbox 229 2576 1169 2749">
     <span class='ocr_line' id='line_1_22' title="bbox 230 2576 1169 2653; baseline -0.001 -17"><span class='ocrx_word' id='word_1_141' title='bbox 230 2576 394 2653; x_wconf 82' lang='lat' dir='ltr'>Cycladas,</span> <span class='ocrx_word' id='word_1_142' title='bbox 410 2586 461 2635; x_wconf 88' lang='lat' dir='ltr'>aut</span> <span class='ocrx_word' id='word_1_143' title='bbox 474 2587 590 2635; x_wconf 87' lang='lat' dir='ltr'>montes</span> <span class='ocrx_word' id='word_1_144' title='bbox 603 2596 784 2636; x_wconf 82' lang='lat' dir='ltr'>concurrere</span> <span class='ocrx_word' id='word_1_145' title='bbox 799 2579 946 2636; x_wconf 88' lang='lat' dir='ltr'>montibus</span> <span class='ocrx_word' id='word_1_146' title='bbox 960 2578 1036 2637; x_wconf 86' lang='lat' dir='ltr'>altos</span> <span class='ocrx_word' id='word_1_147' title='bbox 1050 2596 1057 2635; x_wconf 77' lang='grc' dir='ltr'><strong><em>ε</em></strong></span> <span class='ocrx_word' id='word_1_148' title='bbox 1163 2612 1169 2623; x_wconf 86' lang='lat'><em>.</em></span> 
     </span>
     <span class='ocr_line' id='line_1_23' title="bbox 229 2670 909 2749; baseline 0.004 -21"><span class='ocrx_word' id='word_1_149' title='bbox 229 2670 332 2730; x_wconf 63' lang='lat' dir='ltr'>Tantis</span> <span class='ocrx_word' id='word_1_150' title='bbox 344 2672 421 2729; x_wconf 91' lang='lat' dir='ltr'>mole</span> <span class='ocrx_word' id='word_1_151' title='bbox 435 2671 490 2729; x_wconf 82' lang='lat' dir='ltr'>riri</span> <span class='ocrx_word' id='word_1_152' title='bbox 502 2671 617 2729; x_wconf 87' lang='lat' dir='ltr'>turritis</span> <span class='ocrx_word' id='word_1_153' title='bbox 631 2672 777 2749; x_wconf 78' lang='lat' dir='ltr'>puppibus</span> <span class='ocrx_word' id='word_1_154' title='bbox 790 2672 909 2733; x_wconf 76' lang='lat' dir='ltr'>Instant.</span> 
     </span>
    </p>

    <p class='ocr_par' dir='ltr' id='par_1_16' title="bbox 231 2765 1008 2844">
     <span class='ocr_line' id='line_1_24' title="bbox 231 2765 1008 2844; baseline 0.003 -21"><span class='ocrx_word' id='word_1_155' title='bbox 231 2766 364 2844; x_wconf 87' lang='lat' dir='ltr'>Stoppea</span> <span class='ocrx_word' id='word_1_156' title='bbox 376 2765 495 2823; x_wconf 89' lang='lat' dir='ltr'>flamma</span> <span class='ocrx_word' id='word_1_157' title='bbox 506 2784 606 2837; x_wconf 88' lang='lat' dir='ltr'>manu,</span> <span class='ocrx_word' id='word_1_158' title='bbox 621 2766 748 2842; x_wconf 89' lang='lat' dir='ltr'>telisque</span> <span class='ocrx_word' id='word_1_159' title='bbox 762 2766 882 2823; x_wconf 81' lang='lat' dir='ltr'>volatile</span> <span class='ocrx_word' id='word_1_160' title='bbox 896 2765 1008 2825; x_wconf 85' lang='lat' dir='ltr'>serrum</span> 
     </span>
    </p>

    <p class='ocr_par' dir='ltr' id='par_1_17' title="bbox 230 2857 1211 3031">
     <span class='ocr_line' id='line_1_25' title="bbox 231 2857 1211 2936; baseline 0 -20"><span class='ocrx_word' id='word_1_161' title='bbox 231 2858 389 2936; x_wconf 76' lang='lat' dir='ltr'>Spargitur</span> <span class='ocrx_word' id='word_1_162' title='bbox 403 2876 410 2914; x_wconf 78' lang='grc' dir='ltr'><strong>ε</strong></span> <span class='ocrx_word' id='word_1_163' title='bbox 433 2876 506 2915; x_wconf 80' lang='lat' dir='ltr'>erre</span> <span class='ocrx_word' id='word_1_164' title='bbox 519 2857 597 2916; x_wconf 71' lang='lat' dir='ltr'>nord</span> <span class='ocrx_word' id='word_1_165' title='bbox 611 2858 763 2935; x_wconf 73' lang='lat' dir='ltr'>Neptunia</span> <span class='ocrx_word' id='word_1_166' title='bbox 776 2858 859 2916; x_wconf 72' lang='lat' dir='ltr'>erede</span> <span class='ocrx_word' id='word_1_167' title='bbox 873 2859 1045 2917; x_wconf 81' lang='lat' dir='ltr'>rubescunt.</span> <span class='ocrx_word' id='word_1_168' title='bbox 1152 2858 1211 2916; x_wconf 79' lang='lat'>695</span> 
     </span>
     <span class='ocr_line' id='line_1_26' title="bbox 230 2943 982 3031; baseline -0.003 -20"><span class='ocrx_word' id='word_1_169' title='bbox 230 2953 353 3031; x_wconf 82' lang='lat' dir='ltr'>Regina</span> <span class='ocrx_word' id='word_1_170' title='bbox 365 2953 396 3011; x_wconf 91' lang='lat' dir='ltr'>in</span> <span class='ocrx_word' id='word_1_171' title='bbox 408 2943 514 3011; x_wconf 79' lang='lat' dir='ltr'>mediis</span> <span class='ocrx_word' id='word_1_172' title='bbox 527 2953 623 3029; x_wconf 89' lang='lat' dir='ltr'>patrio</span> <span class='ocrx_word' id='word_1_173' title='bbox 636 2960 723 3011; x_wconf 78' lang='lat' dir='ltr'>vocat</span> <span class='ocrx_word' id='word_1_174' title='bbox 738 2953 857 3029; x_wconf 78' lang='lat' dir='ltr'>agmine</span> <span class='ocrx_word' id='word_1_175' title='bbox 871 2952 958 3009; x_wconf 88' lang='lat' dir='ltr'>sistro</span> <span class='ocrx_word' id='word_1_176' title='bbox 974 2971 982 3021; x_wconf 83' lang='lat'><em>3</em></span> 
     </span>
    </p>

    <p class='ocr_par' dir='ltr' id='par_1_18' title="bbox 231 3048 1066 3219">
     <span class='ocr_line' id='line_1_27' title="bbox 231 3048 1022 3126; baseline -0.003 -19"><span class='ocrx_word' id='word_1_177' title='bbox 231 3048 369 3108; x_wconf 78' lang='lat' dir='ltr'>Necdum</span> <span class='ocrx_word' id='word_1_178' title='bbox 382 3048 471 3106; x_wconf 85' lang='lat' dir='ltr'>etiam</span> <span class='ocrx_word' id='word_1_179' title='bbox 484 3048 619 3126; x_wconf 85' lang='lat' dir='ltr'>geminos</span> <span class='ocrx_word' id='word_1_180' title='bbox 632 3066 652 3105; x_wconf 94' lang='lat' dir='ltr'>a</span> <span class='ocrx_word' id='word_1_181' title='bbox 663 3056 749 3125; x_wconf 91' lang='lat' dir='ltr'>tergo</span> <span class='ocrx_word' id='word_1_182' title='bbox 762 3048 883 3124; x_wconf 81' lang='lat' dir='ltr'>respicit</span> <span class='ocrx_word' id='word_1_183' title='bbox 899 3066 1022 3125; x_wconf 85' lang='lat' dir='ltr'>angues.</span> 
     </span>
     <span class='ocr_line' id='line_1_28' title="bbox 231 3137 1066 3219; baseline -0.004 -19"><span class='ocrx_word' id='word_1_184' title='bbox 231 3137 490 3219; x_wconf 75' lang='lat' dir='ltr'>Omnigenirmque</span> <span class='ocrx_word' id='word_1_185' title='bbox 504 3138 592 3199; x_wconf 70' lang='lat' dir='ltr'>desim</span> <span class='ocrx_word' id='word_1_186' title='bbox 604 3148 745 3211; x_wconf 88' lang='lat' dir='ltr'>monstra,</span> <span class='ocrx_word' id='word_1_187' title='bbox 760 3148 790 3198; x_wconf 88' lang='lat' dir='ltr'>et</span> <span class='ocrx_word' id='word_1_188' title='bbox 804 3141 927 3198; x_wconf 81' lang='lat' dir='ltr'>latrator</span> <span class='ocrx_word' id='word_1_189' title='bbox 940 3139 1066 3211; x_wconf 87' lang='lat' dir='ltr'>Anubis,</span> 
     </span>
    </p>

    <p class='ocr_par' dir='ltr' id='par_1_19' title="bbox 233 3232 1111 3311">
     <span class='ocr_line' id='line_1_29' title="bbox 233 3232 1111 3311; baseline -0.002 -18"><span class='ocrx_word' id='word_1_190' title='bbox 233 3232 349 3294; x_wconf 84' lang='lat' dir='ltr'>Contra</span> <span class='ocrx_word' id='word_1_191' title='bbox 362 3235 534 3311; x_wconf 87' lang='lat' dir='ltr'>Neptunum</span> <span class='ocrx_word' id='word_1_192' title='bbox 546 3242 575 3291; x_wconf 89' lang='lat' dir='ltr'>et</span> <span class='ocrx_word' id='word_1_193' title='bbox 589 3232 750 3305; x_wconf 84' lang='lat' dir='ltr'>Venerem,</span> <span class='ocrx_word' id='word_1_194' title='bbox 767 3240 931 3309; x_wconf 83' lang='lat' dir='ltr'>contraque</span> <span class='ocrx_word' id='word_1_195' title='bbox 945 3232 1111 3292; x_wconf 77' lang='lat' dir='ltr'>Minervam</span> 
     </span>
    </p>

    <p class='ocr_par' dir='ltr' id='par_1_20' title="bbox 232 3324 1212 3497">
     <span class='ocr_line' id='line_1_30' title="bbox 232 3324 1212 3386; baseline -0.003 0"><span class='ocrx_word' id='word_1_196' title='bbox 232 3326 310 3386; x_wconf 82' lang='lat' dir='ltr'>Tela</span> <span class='ocrx_word' id='word_1_197' title='bbox 322 3336 434 3386; x_wconf 91' lang='lat' dir='ltr'>tenent.</span> <span class='ocrx_word' id='word_1_198' title='bbox 477 3328 567 3385; x_wconf 78' lang='lat' dir='ltr'>Saevit</span> <span class='ocrx_word' id='word_1_199' title='bbox 580 3326 677 3385; x_wconf 87' lang='lat' dir='ltr'>medio</span> <span class='ocrx_word' id='word_1_200' title='bbox 691 3327 721 3385; x_wconf 90' lang='lat' dir='ltr'>in</span> <span class='ocrx_word' id='word_1_201' title='bbox 736 3327 898 3385; x_wconf 85' lang='lat' dir='ltr'>certamine</span> <span class='ocrx_word' id='word_1_202' title='bbox 912 3324 1036 3384; x_wconf 80' lang='lat' dir='ltr'>Mavors</span> <span class='ocrx_word' id='word_1_203' title='bbox 1153 3326 1212 3383; x_wconf 74' lang='lat' dir='ltr'>too</span> 
     </span>
     <span class='ocr_line' id='line_1_31' title="bbox 233 3420 943 3497; baseline -0.004 -17"><span class='ocrx_word' id='word_1_204' title='bbox 233 3420 370 3481; x_wconf 80' lang='lat' dir='ltr'>Caelatue</span> <span class='ocrx_word' id='word_1_205' title='bbox 382 3420 472 3493; x_wconf 83' lang='lat' dir='ltr'>ferro,</span> <span class='ocrx_word' id='word_1_206' title='bbox 488 3421 647 3497; x_wconf 87' lang='lat' dir='ltr'>tristesque</span> <span class='ocrx_word' id='word_1_207' title='bbox 662 3438 700 3477; x_wconf 87' lang='lat' dir='ltr'>ex</span> <span class='ocrx_word' id='word_1_208' title='bbox 713 3420 823 3478; x_wconf 82' lang='lat' dir='ltr'>aethere</span> <span class='ocrx_word' id='word_1_209' title='bbox 838 3420 943 3488; x_wconf 77' lang='lat' dir='ltr'>Dirae3</span> 
     </span>
    </p>

    <p class='ocr_par' dir='ltr' id='par_1_21' title="bbox 231 3512 914 3593">
     <span class='ocr_line' id='line_1_32' title="bbox 231 3512 914 3593; baseline -0.001 -20"><span class='ocrx_word' id='word_1_210' title='bbox 231 3514 275 3574; x_wconf 82' lang='lat' dir='ltr'>Et</span> <span class='ocrx_word' id='word_1_211' title='bbox 288 3514 384 3573; x_wconf 64' lang='lat' dir='ltr'>scissi</span> <span class='ocrx_word' id='word_1_212' title='bbox 396 3515 531 3593; x_wconf 84' lang='lat' dir='ltr'>gaudens</span> <span class='ocrx_word' id='word_1_213' title='bbox 544 3515 625 3573; x_wconf 82' lang='lat' dir='ltr'>radit</span> <span class='ocrx_word' id='word_1_214' title='bbox 637 3514 799 3573; x_wconf 81' lang='lat' dir='ltr'>Discordia</span> <span class='ocrx_word' id='word_1_215' title='bbox 813 3512 892 3591; x_wconf 68' lang='lat' dir='ltr'>palli</span> <span class='ocrx_word' id='word_1_216' title='bbox 906 3533 914 3583; x_wconf 93' lang='lat'>;</span> 
     </span>
    </p>

    <p class='ocr_par' dir='ltr' id='par_1_22' title="bbox 232 3605 1099 3777">
     <span class='ocr_line' id='line_1_33' title="bbox 233 3605 1099 3687; baseline -0.002 -20"><span class='ocrx_word' id='word_1_217' title='bbox 233 3609 334 3677; x_wconf 75' lang='lat' dir='ltr'>Quam</span> <span class='ocrx_word' id='word_1_218' title='bbox 347 3628 415 3669; x_wconf 86' lang='lat' dir='ltr'>oum</span> <span class='ocrx_word' id='word_1_219' title='bbox 427 3610 592 3687; x_wconf 84' lang='lat' dir='ltr'>sanguineo</span> <span class='ocrx_word' id='word_1_220' title='bbox 605 3611 741 3685; x_wconf 85' lang='lat' dir='ltr'>sequitur</span> <span class='ocrx_word' id='word_1_221' title='bbox 753 3609 879 3666; x_wconf 85' lang='lat' dir='ltr'>Bellone</span> <span class='ocrx_word' id='word_1_222' title='bbox 892 3605 1021 3685; x_wconf 77' lang='lat' dir='ltr'>flagello.</span> <span class='ocrx_word' id='word_1_223' title='bbox 1095 3640 1099 3643; x_wconf 97' lang='lat'>-</span> 
     </span>
     <span class='ocr_line' id='line_1_34' title="bbox 232 3700 977 3777; baseline -0.007 -16"><span class='ocrx_word' id='word_1_224' title='bbox 232 3702 340 3761; x_wconf 83' lang='lat' dir='ltr'>Aetius</span> <span class='ocrx_word' id='word_1_225' title='bbox 353 3703 418 3761; x_wconf 75' lang='lat' dir='ltr'>haee</span> <span class='ocrx_word' id='word_1_226' title='bbox 432 3721 558 3761; x_wconf 83' lang='lat' dir='ltr'>cernens</span> <span class='ocrx_word' id='word_1_227' title='bbox 572 3720 675 3761; x_wconf 85' lang='lat' dir='ltr'>areum</span> <span class='ocrx_word' id='word_1_228' title='bbox 688 3702 859 3760; x_wconf 85' lang='lat' dir='ltr'>intendebat</span> <span class='ocrx_word' id='word_1_229' title='bbox 869 3700 977 3777; x_wconf 89' lang='lat' dir='ltr'>Apollo</span> 
     </span>
    </p>

    <p class='ocr_par' dir='ltr' id='par_1_23' title="bbox 231 3792 1212 3965">
     <span class='ocr_line' id='line_1_35' title="bbox 231 3792 1212 3873; baseline -0.002 -20"><span class='ocrx_word' id='word_1_230' title='bbox 231 3794 393 3873; x_wconf 82' lang='lat' dir='ltr'>Desuper:</span> <span class='ocrx_word' id='word_1_231' title='bbox 415 3796 510 3854; x_wconf 84' lang='lat' dir='ltr'>omnis</span> <span class='ocrx_word' id='word_1_232' title='bbox 524 3814 560 3853; x_wconf 90' lang='lat' dir='ltr'>eo</span> <span class='ocrx_word' id='word_1_233' title='bbox 572 3804 688 3853; x_wconf 86' lang='lat' dir='ltr'>terrore</span> <span class='ocrx_word' id='word_1_234' title='bbox 702 3795 868 3871; x_wconf 84' lang='lat' dir='ltr'>AEgyptus,</span> <span class='ocrx_word' id='word_1_235' title='bbox 885 3802 914 3850; x_wconf 88' lang='lat' dir='ltr'>et</span> <span class='ocrx_word' id='word_1_236' title='bbox 929 3792 1005 3864; x_wconf 86' lang='lat' dir='ltr'>Indi,</span> <span class='ocrx_word' id='word_1_237' title='bbox 1154 3792 1212 3851; x_wconf 77' lang='lat'>¹106</span> 
     </span>
     <span class='ocr_line' id='line_1_36' title="bbox 233 3886 968 3965; baseline -0.003 -18"><span class='ocrx_word' id='word_1_238' title='bbox 233 3888 338 3947; x_wconf 90' lang='lat' dir='ltr'>Omnis</span> <span class='ocrx_word' id='word_1_239' title='bbox 350 3890 460 3960; x_wconf 79' lang='lat' dir='ltr'>Arabs,</span> <span class='ocrx_word' id='word_1_240' title='bbox 476 3908 579 3947; x_wconf 91' lang='lat' dir='ltr'>omnes</span> <span class='ocrx_word' id='word_1_241' title='bbox 591 3889 746 3947; x_wconf 87' lang='lat' dir='ltr'>vertebant</span> <span class='ocrx_word' id='word_1_242' title='bbox 759 3896 846 3965; x_wconf 88' lang='lat' dir='ltr'>terga</span> <span class='ocrx_word' id='word_1_243' title='bbox 860 3886 968 3945; x_wconf 74' lang='lat' dir='ltr'>Sabaei.</span> 
     </span>
    </p>

    <p class='ocr_par' dir='ltr' id='par_1_24' title="bbox 234 3980 826 4059">
     <span class='ocr_line' id='line_1_37' title="bbox 234 3980 826 4059; baseline 0 -20"><span class='ocrx_word' id='word_1_244' title='bbox 234 3980 304 4059; x_wconf 91' lang='lat' dir='ltr'>lpse</span> <span class='ocrx_word' id='word_1_245' title='bbox 317 3982 472 4040; x_wconf 85' lang='lat' dir='ltr'>videbatur</span> <span class='ocrx_word' id='word_1_246' title='bbox 485 3983 580 4040; x_wconf 86' lang='lat' dir='ltr'>ventis</span> <span class='ocrx_word' id='word_1_247' title='bbox 594 3981 700 4059; x_wconf 84' lang='lat' dir='ltr'>regine</span> <span class='ocrx_word' id='word_1_248' title='bbox 712 3980 826 4039; x_wconf 83' lang='lat' dir='ltr'>voeatis</span> 
     </span>
    </p>

    <p class='ocr_par' dir='ltr' id='par_1_25' title="bbox 232 4073 1033 4152">
     <span class='ocr_line' id='line_1_38' title="bbox 232 4073 1033 4152; baseline 0 -21"><span class='ocrx_word' id='word_1_249' title='bbox 232 4073 312 4133; x_wconf 86' lang='lat' dir='ltr'>Vela</span> <span class='ocrx_word' id='word_1_250' title='bbox 324 4076 408 4148; x_wconf 89' lang='lat' dir='ltr'>dare,</span> <span class='ocrx_word' id='word_1_251' title='bbox 423 4084 453 4134; x_wconf 87' lang='lat' dir='ltr'>et</span> <span class='ocrx_word' id='word_1_252' title='bbox 465 4078 549 4134; x_wconf 87' lang='lat' dir='ltr'>laxos</span> <span class='ocrx_word' id='word_1_253' title='bbox 558 4076 754 4152; x_wconf 85' lang='lat' dir='ltr'>jamjamque</span> <span class='ocrx_word' id='word_1_254' title='bbox 768 4074 924 4133; x_wconf 87' lang='lat' dir='ltr'>immittere</span> <span class='ocrx_word' id='word_1_255' title='bbox 938 4073 1033 4131; x_wconf 82' lang='lat' dir='ltr'>funes.</span> 
     </span>
    </p>

    <p class='ocr_par' dir='ltr' id='par_1_26' title="bbox 233 4164 936 4247">
     <span class='ocr_line' id='line_1_39' title="bbox 233 4164 936 4247; baseline 0.001 -23"><span class='ocrx_word' id='word_1_256' title='bbox 233 4166 318 4226; x_wconf 91' lang='lat' dir='ltr'>Illam</span> <span class='ocrx_word' id='word_1_257' title='bbox 331 4168 409 4226; x_wconf 87' lang='lat' dir='ltr'>inter</span> <span class='ocrx_word' id='word_1_258' title='bbox 422 4169 531 4240; x_wconf 69' lang='lat' dir='ltr'>eredes,</span> <span class='ocrx_word' id='word_1_259' title='bbox 548 4168 706 4247; x_wconf 87' lang='lat' dir='ltr'>pallentem</span> <span class='ocrx_word' id='word_1_260' title='bbox 719 4175 812 4225; x_wconf 88' lang='lat' dir='ltr'>morte</span> <span class='ocrx_word' id='word_1_261' title='bbox 827 4164 936 4238; x_wconf 67' lang='lat' dir='ltr'>futuri,</span> 
     </span>
    </p>

    <p class='ocr_par' dir='ltr' id='par_1_27' title="bbox 232 4258 1211 4339">
     <span class='ocr_line' id='line_1_40' title="bbox 232 4258 1211 4339; baseline -0.003 -20"><span class='ocrx_word' id='word_1_262' title='bbox 232 4258 363 4321; x_wconf 81' lang='lat' dir='ltr'>Fecerat</span> <span class='ocrx_word' id='word_1_263' title='bbox 375 4262 544 4339; x_wconf 80' lang='lat' dir='ltr'>ignipotens</span> <span class='ocrx_word' id='word_1_264' title='bbox 556 4262 643 4319; x_wconf 83' lang='lat' dir='ltr'>undis</span> <span class='ocrx_word' id='word_1_265' title='bbox 656 4268 686 4319; x_wconf 90' lang='lat' dir='ltr'>et</span> <span class='ocrx_word' id='word_1_266' title='bbox 701 4259 814 4338; x_wconf 87' lang='lat' dir='ltr'>Iapyge</span> <span class='ocrx_word' id='word_1_267' title='bbox 829 4260 898 4318; x_wconf 88' lang='lat' dir='ltr'>ferri</span> <span class='ocrx_word' id='word_1_268' title='bbox 914 4279 921 4329; x_wconf 87' lang='lat'><strong>;</strong></span> <span class='ocrx_word' id='word_1_269' title='bbox 1152 4260 1211 4316; x_wconf 80' lang='lat' dir='ltr'>&#39;llo</span> 
     </span>
    </p>
   </div>
   <div class='ocr_carea' id='block_1_3' title="bbox 234 4352 1032 4502">
    <p class='ocr_par' dir='ltr' id='par_1_28' title="bbox 234 4352 1032 4502">
     <span class='ocr_line' id='line_1_41' title="bbox 234 4352 1032 4435; baseline -0.001 -21"><span class='ocrx_word' id='word_1_270' title='bbox 234 4352 351 4414; x_wconf 74' lang='lat' dir='ltr'>Contra</span> <span class='ocrx_word' id='word_1_271' title='bbox 363 4363 462 4414; x_wconf 89' lang='lat' dir='ltr'>autem</span> <span class='ocrx_word' id='word_1_272' title='bbox 474 4375 581 4435; x_wconf 88' lang='lat' dir='ltr'>magno</span> <span class='ocrx_word' id='word_1_273' title='bbox 594 4363 769 4415; x_wconf 83' lang='lat' dir='ltr'>moerentem</span> <span class='ocrx_word' id='word_1_274' title='bbox 781 4372 905 4431; x_wconf 83' lang='lat' dir='ltr'>corpore</span> <span class='ocrx_word' id='word_1_275' title='bbox 920 4352 1032 4424; x_wconf 83' lang='lat' dir='ltr'>Nilum,</span> 
     </span>
     <span class='ocr_line' id='line_1_42' title="bbox 898 4462 935 4502; baseline 0 0"><span class='ocrx_word' id='word_1_276' title='bbox 898 4462 935 4502; x_wconf 80' lang='lat' dir='ltr'>aa</span> 
     </span>
    </p>
   </div>
   <div class='ocr_carea' id='block_1_4' title="bbox 0 0 1588 5234">
    <p class='ocr_par' dir='ltr' id='par_1_29' title="bbox 0 0 1588 5234">
     <span class='ocr_line' id='line_1_43' title="bbox 0 0 1588 5234; baseline 0 0"><span class='ocrx_word' id='word_1_277' title='bbox 0 0 1588 5234; x_wconf 95' lang='lat' dir='ltr'> </span> 
     </span>
    </p>
   </div>
  </div>
 </body>
</html>
