3167 5234
386 564 446 627 ³12
675 560 702 607 r.
723 560 891 608 vrncmn
912 559 1085 610 unnorus
1164 546 1173 561 ⁰

386 703 427 761 nt
437 700 569 777 juvenis,
585 700 693 759 vicisse
707 700 776 759 dolo
789 707 884 773 retus,
900 701 1001 759 evolat
1015 700 1091 779 ipse,

387 794 481 855 Haud
496 813 590 867 mors,
606 796 821 873 conversisque
835 796 927 874 suges
941 796 1076 855 aufertur
1090 796 1224 869 hellenis,

388 889 683 968 Quadrupedemque
698 890 789 948 citum
803 889 917 949 ferrati
930 890 1016 949 celce
1030 889 1146 965 fatiget.

386 982 475 1043 Vane
489 983 596 1063 Ligus,
613 984 785 1060 frustrdque
800 984 907 1043 animis
920 984 998 1041 elate
1013 984 1161 1060 superbis,
1322 986 1384 1045 tlt

387 1078 598 1155 Nequidquam
614 1078 725 1156 patrias
739 1078 862 1137 tenuisti
875 1077 1009 1137 lubricus
1023 1085 1125 1145 πίοις

387 1172 417 1232 N
419 1192 455 1231 ec
469 1171 551 1231 fraus
564 1182 594 1231 te
608 1173 787 1231 incolumem
803 1172 904 1231 fallaci
918 1171 1048 1249 perferet
1062 1172 1163 1231 Auno.

387 1265 467 1325 Hmc
482 1267 561 1325 fatur
575 1267 671 1345 virgo,
687 1274 717 1325 et
732 1267 904 1345 pernicibus
917 1266 1008 1343 ignea
1025 1265 1132 1343 plantis

387 1358 511 1418 'lhansit
525 1378 634 1436 equum
649 1378 751 1429 cursu,
767 1360 931 1435 francisque
945 1358 1072 1417 adversa
1085 1358 1242 1437 prehensis

389 1451 604 1531 congreditur,
620 1472 786 1531 poenesque
802 1454 921 1511 inimico
935 1470 972 1511 ex
986 1453 1134 1530 sunguine
1148 1453 1237 1511 sumit
1251 1470 1260 1509 τ
1320 1454 1384 1512 teu

389 1546 491 1616 Quam
506 1548 594 1605 facile
610 1548 755 1625 accipiter
768 1566 842 1605 saxo
856 1565 945 1605 sacer
959 1547 1023 1605 ales
1036 1548 1074 1604 ab
1088 1546 1151 1605 alto

389 1638 596 1716 Consequitur
609 1641 714 1718 pennis
729 1640 886 1699 sublimem
900 1639 929 1698 in
944 1641 1023 1699 nube
1036 1640 1216 1711 columbam,

389 1731 668 1811 Comprensamque
682 1743 774 1804 tenet,
792 1734 977 1811 pedibusque
990 1734 1140 1791 eviscerat
1155 1734 1263 1803 uncis3

388 1826 468 1887 Tum
483 1846 572 1885 cruor
585 1836 616 1885 et
630 1827 722 1887 vulsae
737 1828 878 1885 labuntur
891 1830 930 1885 oh
944 1828 1058 1885 ethere
1072 1828 1189 1905 plumes.

428 1920 469 1978 At
483 1940 542 1979 non
557 1922 622 1979 haec
636 1920 725 1979 nullis
739 1920 890 1980 hominum
905 1928 987 1980 sator
1001 1929 1092 1997 etque
1106 1921 1230 1979 deorum
1324 1920 1385 1979 ⁷25

390 2011 566 2075 Observare
580 2016 686 2087 oculis,
702 2032 817 2074 summo
831 2015 916 2073 sedet
929 2015 1009 2073 altus
1024 2014 1161 2091 Olympo.

389 2110 580 2187 Tyrrhenum
595 2110 713 2188 genitor
728 2108 919 2169 Tarchonem
933 2110 963 2168 in
978 2110 1085 2188 proelie
1099 2128 1182 2169 saeve

390 2204 533 2275 Suscitat,
549 2212 580 2263 et
594 2204 721 2263 stimulis
735 2204 816 2261 haud
830 2205 969 2264 mollibus
983 2204 1077 2281 injicit
1091 2204 1162 2263 iras.

389 2296 475 2375 Ergo
490 2299 567 2356 inter
581 2298 681 2357 cedes
695 2297 896 2374 cedentiaque
910 2299 1031 2375 agmina
1043 2298 1166 2357 Tarcho

390 2389 501 2451 Fertur
514 2410 604 2469 equo,
620 2392 772 2467 variisque
787 2390 908 2469 instigat
922 2391 1047 2450 vocibus
1062 2392 1139 2462 alas,
1325 2390 1387 2449 '1³0

391 2483 520 2543 Nomine
536 2504 684 2561 quemque
699 2504 813 2544 vocene
828 2502 836 2553 ;
860 2485 1017 2561 reficitque
1031 2485 1062 2542 in
1076 2484 1184 2561 proelio
1197 2485 1322 2561 pulsos:

392 2576 470 2645 Quis
484 2587 591 2651 metus,
608 2598 626 2637 o
640 2596 792 2655 nunquam
806 2578 936 2649 dolituri,
953 2598 972 2636 o
985 2596 1105 2655 semper
1118 2578 1231 2637 inertes

390 2670 552 2747 Tyrrheni,
569 2690 635 2747 quas
650 2681 735 2731 tenta
749 2672 856 2730 animis
869 2671 991 2749 ignavis
1004 2672 1109 2730 venit?

391 2764 530 2825 Foemina
543 2766 677 2843 polentes
692 2768 765 2845 agit,
782 2776 873 2843 atque
886 2767 953 2825 hec
967 2766 1089 2843 agmine
1102 2767 1201 2826 vertit.

393 2856 463 2926 Quo
480 2858 601 2931 serrum,
618 2860 727 2935 quidve
742 2860 807 2919 hoec
820 2860 953 2939 gerimus
967 2860 1029 2917 tels
1043 2860 1128 2918 irrita
1141 2860 1255 2919 dextris
1269 2860 1281 2917 ἓ
1325 2861 1385 2919 ’135

391 2951 432 3010 At
444 2970 504 3009 uon
518 2952 548 3010 in
562 2953 713 3011 Venerem
728 2972 849 3031 segnes,
865 2960 1072 3029 nocturnaque
1086 2954 1177 3026 helle,

392 3042 466 3115 Aut,
484 3045 534 3104 ubi
548 3065 641 3103 curve
656 3046 763 3105 choros
778 3046 880 3105 indixit
894 3046 969 3105 tibia
982 3046 1108 3119 Bacchi,
1203 3077 1208 3086 ·

391 3135 579 3216 Exspectare
593 3138 686 3216 depes
700 3148 730 3197 et
745 3140 841 3217 pleme
856 3140 965 3218 pocula
978 3159 1099 3199 mense.

392 3228 455 3291 Hic
470 3251 563 3304 amor,
579 3232 636 3291 hoc
650 3232 779 3291 studium
793 3252 802 3303 3
826 3232 896 3291 dum
909 3252 999 3292 sacra
1012 3234 1163 3293 secundus
1176 3233 1328 3313 haruspex

392 3322 529 3398 Nuntiet,
545 3346 582 3385 ac
596 3326 681 3385 lucos
697 3336 784 3386 vocet
798 3328 895 3385 hostia
908 3328 1028 3406 pinguis
1041 3328 1071 3386 in
1086 3328 1171 3388 altos.
1325 3330 1389 3387 74⁰

432 3418 512 3478 Haec
526 3420 645 3491 effatus,
661 3438 772 3496 equum
786 3420 816 3479 in
830 3421 954 3493 medios,
971 3421 1132 3479 moriturus
1145 3429 1176 3481 et
1189 3422 1263 3500 ipse,

393 3512 547 3586 Concitet,
562 3522 593 3572 et
606 3514 726 3574 Venulo
741 3514 901 3573 edversum
914 3534 949 3573 se
962 3514 1100 3573 turbidus
1114 3515 1202 3574 insert
1215 3534 1224 3585 ;

392 3604 618 3685 Deceptumque
634 3609 671 3667 ah
686 3627 765 3684 equo
779 3607 886 3667 dextr-d
898 3608 1107 3685 complectitur
1125 3610 1251 3680 hostem,

392 3700 433 3761 Et
448 3702 595 3779 gremium
609 3710 677 3761 ente
692 3721 778 3761 suum
793 3701 887 3762 multi
900 3703 930 3761 vi
942 3703 1080 3761 concitus
1098 3704 1206 3763 aulert·

392 3794 521 3856 Tollitur
536 3798 565 3855 iu
579 3798 688 3855 coelum
703 3798 826 3869 clamor,
843 3798 1005 3874 cunctique
1018 3798 1120 3858 Latini
1325 3798 1387 3856 ⁷45

394 3888 581 3951 Convertire
596 3892 709 3951 oculos.
753 3888 846 3951 Volat
860 3892 967 3970 igneus
980 3910 1103 3968 mquore
1116 3890 1250 3963 Tarcho,

393 3988 487 4047 Arma
501 3988 657 4065 virumque
671 3990 771 4049 ferens
787 4010 796 4061 ;
819 3999 881 4048 tum
895 3987 1012 4049 summi
1025 3990 1117 4067 ipsius
1132 3991 1170 4048 nh
1184 3988 1276 4049 nasta

392 4082 545 4161 Del'ringit
560 4084 681 4155 ferrum,
698 4092 727 4143 et
742 4093 843 4162 partes
857 4084 981 4143 rimatur
998 4092 1130 4161 apertas,

395 4176 467 4244 Qus
483 4176 589 4237 vulnus
604 4179 692 4237 letale
707 4180 793 4238 ferat.
838 4176 952 4238 Contrd
965 4178 1015 4237 ille
1028 4196 1202 4257 repugnans

394 4272 527 4330 Sustinet
542 4292 560 4331 e
570 4273 676 4351 jugulo
691 4275 836 4346 dextram,
852 4282 884 4333 et
898 4274 956 4331 vim
970 4273 1083 4331 viribus
1097 4272 1168 4332 exit.
1325 4272 1387 4331 ‘150

393 4364 494 4443 thue
509 4366 613 4427 volans
627 4370 687 4427 alte
701 4378 819 4446 raptum
834 4388 925 4446 quum
939 4368 1021 4428 fulve
1032 4368 1196 4428 draconem
