3167 5234
523 567 697 618 AENEIDOS
717 573 786 620 nis.
801 572 866 621 111.

198 705 246 769 lili
260 709 396 768 membru
409 727 504 768 nouus
518 709 606 768 solvit
620 710 774 772 formidine
789 721 903 792 torpor,

196 805 397 879 Arrecturque
410 803 536 862 horrore
550 823 655 875 comte,
670 815 699 864 et
714 827 771 865 vox
785 809 925 867 faucibus
937 807 1033 869 bresit.

198 899 250 970 At,
268 898 373 976 procul
387 905 419 956 ut
433 897 518 956 Dirce
535 899 691 960 stridorem
706 903 827 980 ognovit
841 911 871 961 et
885 904 961 976 ulos,

198 991 307 1052 Infelix
321 992 421 1051 crines
435 993 544 1052 scindit
557 994 577 1052 J
580 1003 688 1054 uturns
702 999 827 1070 solutos,

197 1086 358 1169 Unguibus
372 1105 425 1144 ore
439 1105 526 1146 soror
540 1088 667 1162 soeduns,
684 1099 713 1150 et
729 1101 853 1169 pectora
867 1092 986 1171 pugnis.

199 1181 281 1250 Quid
297 1201 377 1240 nuuc
391 1189 421 1239 te
434 1189 498 1252 tuo,
512 1181 629 1256 Turne,
646 1194 742 1262 potest
756 1205 900 1265 germano
909 1188 1017 1264 juvere
1032 1185 1044 1243 ἲ

197 1277 259 1336 Aut
275 1275 345 1353 quid
356 1275 418 1353 jum
433 1275 516 1335 duroe
531 1287 653 1355 superat
667 1281 738 1338 mihi
755 1281 766 1336 i
789 1280 852 1358 qud
862 1282 918 1338 tibi
936 1281 1036 1340 lucem

197 1371 272 1428 Arte
287 1389 385 1428 morer
400 1369 412 1426 i
433 1370 519 1428 tulin'
533 1391 653 1448 possum
669 1393 716 1433 me
731 1393 882 1453 opponere
896 1383 1029 1433 monstro
1045 1373 1056 1431 i

197 1463 217 1522 J
219 1483 267 1522 em
277 1464 340 1540 jum
354 1463 457 1540 linquo
472 1465 564 1524 ecies.
607 1467 637 1526 N
639 1487 656 1525 e
670 1487 717 1526 me
731 1478 845 1528 terrete
857 1471 1023 1543 timentem,

198 1556 360 1617 Obscoeuos
376 1558 514 1618 volucres
531 1578 539 1630 ;
564 1561 678 1620 uiarum
693 1564 821 1622 verbere
834 1583 939 1637 nosco,

197 1650 396 1729 Letalemque
411 1673 516 1712 sonum
531 1673 538 1724 3
565 1675 622 1713 nec
636 1657 741 1715 fallunt
754 1657 841 1734 jussa
854 1659 988 1737 superbo

197 1745 386 1825 Magnanimi
399 1747 495 1807 Jovis.
539 1747 618 1808 Haec
634 1770 687 1828 pro
701 1751 874 1829 virginitate
889 1752 1006 1830 reponit
1022 1751 1034 1808 i

199 1839 268 1909 Quo
283 1843 375 1901 vitum
389 1841 469 1900 dedit
484 1852 628 1900 mter-num
645 1844 656 1899 i
678 1864 733 1902 cur
746 1846 850 1904 mortis
864 1845 1004 1924 adempte
1017 1853 1064 1906 ost

199 1933 341 1996 Conditio
356 1935 367 1992 ?
389 1956 508 2014 possem
522 1945 621 1995 tentos
636 1937 722 1997 finire
736 1940 855 1998 dolores

197 2032 288 2092 Nunc
302 2033 396 2106 csrtd,
413 2041 444 2091 et
457 2034 567 2093 misero
581 2034 666 2092 srutri
680 2055 781 2094 comes
795 2035 839 2094 ire
854 2057 908 2114 per
921 2038 1053 2098 umbros.

199 2125 378 2186 Immortalis
390 2127 472 2206 ego?
493 2135 545 2186 sut
560 2129 721 2204 quidquam
735 2129 806 2188 mihi
820 2130 908 2187 dulce
921 2149 1057 2190 meorum

197 2221 243 2280 Te
258 2222 334 2294 sino,
352 2220 456 2293 freter,
474 2222 555 2280 erit?
597 2222 625 2281 Ο
641 2243 706 2299 quae
722 2222 796 2281 setis
811 2224 872 2282 uite
886 2223 1022 2282 dehiscet

197 2315 295 2375 Terre
310 2316 391 2387 mihi,
407 2315 577 2395 Manesque
592 2316 680 2375 deam
694 2318 828 2376 demittat
843 2317 881 2376 ud
895 2318 996 2376 imos?

198 2407 327 2470 Tantum
341 2411 444 2482 effeta,
461 2421 551 2490 ceput
566 2413 677 2490 glauco
692 2412 823 2471 contexit
837 2412 949 2470 amictu

197 2503 294 2564 Mults
308 2525 443 2583 gemens,
460 2513 537 2564 etse
552 2506 643 2564 fluvio
658 2506 715 2563 deu
730 2504 862 2564 condidit
876 2508 946 2566 sito.

235 2599 357 2659 AEueus
372 2599 461 2658 instat
476 2601 592 2672 coutrs,
609 2601 762 2678 telumque
777 2608 917 2659 coruscet

198 2693 321 2773 Ingens,
338 2695 509 2766 arboreum,
526 2703 555 2752 et
570 2715 652 2753 saevo
665 2695 710 2752 sic
725 2705 848 2771 pectore
863 2696 961 2754 satur:

199 2787 276 2858 Quae
288 2807 368 2846 nunc
380 2788 486 2846 deinde
499 2789 657 2847 moreest?
673 2797 724 2847 sut
736 2787 806 2865 quid
816 2788 890 2864 jum,
901 2788 1017 2861 Turne,
1027 2787 1195 2849 retractus?

197 2881 267 2941 Non
281 2901 384 2953 cursu,
400 2883 490 2940 sorvis
505 2880 681 2941 ce'rtsndum
695 2891 741 2942 est
756 2883 922 2942 comminus
937 2883 1038 2944 ermis.
1135 2885 1197 2944 890
1259 2889 1262 2897 '

198 2975 292 3034 Verte
307 2995 411 3034 omues
424 2983 485 3035 tete
501 2977 530 3035 in
545 2977 649 3048 socies,
666 2985 696 3035 et
711 2977 856 3035 contrahe
873 2977 1016 3054 quidquid

199 3069 268 3130 Sive
283 3071 400 3142 animis,
414 3071 478 3129 sive
492 3081 568 3142 orte,
585 3072 690 3140 veles3
714 3080 784 3150 opto
800 3071 895 3130 arduo
908 3070 1016 3150 pennis

198 3164 292 3224 Astra
306 3164 403 3240 sequi,
420 3165 617 3241 clausumque
632 3163 710 3224 cavd
723 3175 752 3224 te
769 3166 900 3224 condere
914 3163 1007 3225 terrfi.

199 3257 264 3330 llis,
281 3268 372 3336 ceput
388 3277 555 3335 quassans:
580 3260 608 3318 N
611 3279 649 3318 on
664 3279 711 3317 me
724 3268 777 3319 tue
792 3261 908 3320 fervido
920 3267 1035 3320 terrent

197 3351 300 3425 Dicte,
317 3354 401 3413 ferox
415 3373 423 3423 ;
447 3352 477 3411 di
491 3373 538 3411 me
553 3361 678 3426 terrent,
695 3363 724 3412 et
738 3354 858 3433 Jupiter
874 3356 979 3414 hostis.
1135 3355 1195 3412 895

198 3447 265 3508 Nec
280 3450 367 3526 plure
382 3448 501 3519 effatus,
518 3467 622 3506 saxum
637 3448 839 3526 circumspicit
853 3449 970 3526 ingens,

199 3544 311 3601 Saxum
326 3542 491 3619 antiquum,
508 3543 625 3620 ingens,
643 3561 750 3620 campo
765 3543 845 3619 quod
858 3542 933 3601 sorte
944 3525 1077 3618 jacebit,

198 3635 301 3695 Limes
317 3657 390 3716 egro
405 3637 529 3716 positus,
546 3637 628 3696 litem
643 3645 674 3694 ut
689 3637 875 3695 discerneret
889 3637 979 3696 ervis.

200 3731 259 3790 Vix
273 3732 345 3790 illud
359 3731 431 3790 lecti
445 3731 491 3789 bis
506 3751 558 3790 sex
573 3732 693 3790 cervice
709 3731 854 3802 subirent,

200 3825 311 3894 Qualia
325 3845 405 3884 nunc
419 3825 571 3884 hominum
585 3825 721 3902 producit
737 3843 864 3902 corpore
877 3824 976 3884 tellus.
1136 3823 1196 3882 900

201 3919 257 3978 lile
272 3939 361 3978 msnu
377 3932 495 3997 ruptum
508 3919 626 3996 trepidis
638 3919 798 3994 torquebat
812 3918 842 3976 in
856 3918 983 3991 hostem,

200 4015 299 4074 Altior
314 4015 485 4093 insurgens,
503 4021 532 4071 et
547 4032 638 4071 cursu
653 4012 800 4082 concitus,
815 4012 914 4072 heros.

201 4108 260 4168 Sed
275 4127 372 4185 neque
388 4115 560 4167 currentem
574 4127 618 4178 se,
635 4125 692 4164 nec
706 4106 861 4184 cognoscit
877 4114 1006 4179 euntem,

199 4201 407 4260 Tollentemve
421 4221 524 4273 manu,
540 4219 704 4277 saxumque
719 4200 847 4258 immune
862 4207 1038 4260 moventem.

200 4293 311 4356 Genus
324 4297 428 4355 labent
442 4315 450 4366 ;
475 4296 592 4374 gelidus
606 4293 759 4353 concrevit
774 4294 886 4372 frigore
900 4293 1032 4372 sanguis.
1134 4295 1194 4354 906

199 4390 278 4450 Tum
292 4391 370 4472 lapis
383 4391 447 4471 ipse
462 4391 528 4464 viri,
544 4409 672 4450 vacuum
686 4389 844 4469 perinsus
858 4387 987 4463 volutus,
1131 4377 1135 4384 ’
