3167 5234
333 556 371 613 ω
615 551 643 597 Ρ.
664 550 831 599 vinoun
855 549 1028 600 mhnoms

194 688 199 695 '
270 718 274 728 ·
295 706 301 713 ·
332 688 374 749 Ut
387 690 513 769 primum
525 690 578 749 lux
589 690 670 749 elme
682 690 753 748 dete
765 698 823 761 est,
838 690 932 762 exire,
947 690 1091 766 locosque

332 784 499 865 Explorate
514 804 628 855 novoe3
655 804 731 862 ques
742 794 833 845 rento
846 787 1009 844 occesserit
1023 804 1103 857 ores,

333 880 397 947 Qui
408 888 541 953 teneent,
556 898 627 939 nem
639 878 754 937 inculte
766 878 858 951 videt,
874 878 1060 951 hominesne,
1075 878 1200 951 seroene,

334 972 481 1040 Quaerere
495 973 657 1044 constitnit,
673 972 824 1049 sociisque
839 982 945 1031 erecte
958 972 1083 1032 referre.

333 1066 473 1128 Gleesem
486 1068 517 1126 in
530 1086 665 1127 convexo
677 1070 842 1138 nemorum,
858 1068 914 1125 sub
928 1085 1003 1143 rupe
1020 1064 1140 1137 euvoli,
1260 1070 1320 1127 ³10

331 1162 500 1221 Arboribus
514 1162 648 1220 oleosum
661 1160 775 1220 oirohm
789 1168 879 1235 etque
894 1160 1084 1219 horrentibus
1096 1160 1220 1232 umbris,

332 1256 473 1316 Oocnlit:
495 1256 559 1333 ipse
574 1274 634 1313 uno
648 1254 785 1333 graditur
798 1254 956 1313 comitetur
972 1255 1100 1325 Achate,

331 1349 409 1408 Binn
422 1368 511 1408 menn
525 1348 586 1407 loto
599 1348 736 1427 crispans
749 1348 869 1406 hostilis
881 1348 971 1407 ferro.

332 1441 394 1502 coi
406 1451 503 1500 meter
514 1440 614 1501 medii
626 1460 695 1501 sese
708 1441 776 1500 tulit
788 1442 877 1499 obvie
890 1440 976 1513 silui,

330 1532 467 1615 Virginis
480 1555 515 1595 os
527 1536 721 1612 habitumque
734 1554 855 1614 gerens,
872 1541 902 1592 et
917 1535 1039 1613 virginis
1058 1554 1141 1595 nrme
1260 1537 1318 1595 ³15

333 1631 507 1709 Spertnnm;
530 1630 579 1689 vel
592 1629 690 1706 quolis
702 1648 798 1706 equos
812 1628 959 1687 'I'hrei'sse
972 1629 1076 1708 sntiget

332 1724 519 1801 Herpelyce,
536 1723 748 1799 volucremque
760 1722 834 1800 fugi
848 1723 1036 1800 praevertitur
1048 1722 1173 1783 Eurum.

332 1818 472 1895 Nemque
486 1818 617 1876 humeris
630 1816 667 1874 de
680 1835 762 1875 more
776 1816 905 1875 habilem
919 1817 1115 1894 suspenderat
1129 1834 1233 1877 mcum

333 1910 494 1983 venatrix,
507 1912 691 1987 dederetque
705 1930 820 1969 comem
833 1909 999 1969 diffundere
1015 1912 1110 1971 ventis
1125 1930 1133 1981 ;

332 2004 423 2066 Nudo
434 2024 526 2084 genu,
542 2006 679 2081 nodoque
693 2006 777 2063 sinus
790 2005 918 2064 collecte
932 2006 1068 2066 fluentes.
1259 2008 1318 2067 ³20

331 2102 379 2159 Ae
393 2101 493 2176 prior:
515 2099 614 2171 Heus,
631 2100 736 2175 inquit,
747 2100 887 2175 juvenes,
903 2108 1065 2159 monstrate
1079 2118 1213 2160 mearum

331 2192 457 2252 Vidistis
470 2193 497 2251 si
510 2212 600 2269 quem
612 2193 663 2251 hic
675 2200 827 2252 errantem
839 2193 915 2251 sorte
933 2214 1078 2267 sororum,

332 2288 522 2349 Succinctnm
535 2286 678 2367 pheretrd
690 2296 720 2347 et
734 2289 895 2347 maculosos
909 2289 1039 2367 tegmine
1052 2289 1159 2367 lyncis,

331 2386 393 2444 Aut
406 2384 570 2462 spumantis
584 2382 649 2461 npri
661 2402 784 2441 cursum
796 2383 926 2441 clamore
942 2392 1132 2461 prementem.

370 2478 423 2537 Sic
434 2477 541 2537 Venus
554 2496 563 2548 ;
585 2483 616 2536 et
628 2476 758 2535 Veneris
771 2474 878 2534 contrd
892 2475 936 2535 sic
950 2476 1028 2535 lilius
1042 2496 1128 2535 orsus
1143 2494 1150 2534 t
1258 2476 1317 2536 895

331 2572 425 2631 Nullo
437 2578 554 2629 tuorum
568 2570 669 2629 audite
682 2570 754 2627 mihi
767 2588 867 2646 neque
880 2570 946 2627 visu
959 2588 1105 2643 sororum,

330 2664 370 2737 0,
387 2683 475 2741 quem
488 2672 518 2722 te
532 2681 693 2723 memorem
707 2663 718 2719 i
739 2662 824 2741 virgo
838 2682 846 2732 ;
870 2681 998 2741 nemque
1013 2663 1091 2722 houd
1105 2664 1160 2722 tibi
1173 2663 1273 2725 vultus

330 2756 479 2830 Mortalis,
495 2776 552 2816 nec
566 2776 624 2815 vox
636 2756 784 2815 hominem
798 2765 884 2814 sonet
898 2776 906 2827 3
929 2776 947 2815 o
961 2756 1019 2816 dee
1033 2756 1114 2815 certd
1130 2776 1138 2827 ;

330 2852 379 2909 An
392 2850 500 2909 Phoebi
513 2868 599 2908 soror
615 2849 627 2905 i
649 2868 690 2909 en
703 2848 909 2927 Nympharum
923 2850 1077 2928 sanguinis
1091 2850 1176 2908 une?

330 2944 380 3003 sis
393 2944 473 3016 felix,
489 2953 682 3020 nostrumque
696 2944 788 3015 leves,
807 2962 1013 3020 quercumque,
1029 2944 1183 3013 laborem
1258 2946 1317 3003 830

329 3038 371 3097 Et
386 3058 445 3115 quo
458 3039 514 3097 sub
528 3038 607 3097 ooelo
619 3036 750 3108 tandem,
767 3038 875 3113 quibus
889 3036 970 3097 orbis
984 3038 1013 3096 in
1028 3038 1088 3096 oris

329 3129 495 3201 Jnctemur,
511 3131 642 3191 docens:
664 3130 763 3209 ignari
777 3130 987 3208 hominumque
1002 3132 1194 3209 locorumque
1293 3136 1299 3151 ⁸

329 3225 486 3299 Erremus,
501 3235 590 3285 vento
603 3226 662 3284 huc
676 3235 706 3284 ct
720 3226 812 3285 vestis
824 3223 965 3285 fluctibus
981 3227 1050 3287 ecti.

327 3319 427 3379 Mults
438 3321 493 3379 tibi
507 3329 577 3378 ente
590 3338 660 3377 erne
673 3317 777 3377 nostrii
787 3319 877 3378 cedet
890 3319 988 3378 hostin
1001 3318 1116 3381 dextri.

367 3413 447 3473 Tum
460 3412 585 3472 Venus:
600 3412 694 3471 Hnud
708 3413 847 3490 equidem
860 3414 913 3472 teli
926 3432 974 3471 me
988 3413 1095 3491 dignor
1107 3414 1219 3473 honore
1232 3430 1240 3472 ι
1255 3416 1314 3473 836

328 3505 504 3586 Virginibus
516 3506 618 3584 Tyriis
631 3525 695 3565 mos
708 3515 753 3564 est
767 3514 887 3585 gestare
902 3506 1080 3583 pheretrum,

327 3600 544 3678 Purpureoque
559 3599 618 3658 nltd
631 3618 719 3657 sores
732 3600 844 3657 vincire
859 3599 1013 3659 cothurno.

326 3692 444 3753 Punice
455 3710 551 3772 regne
563 3692 658 3765 vides,
673 3692 794 3771 Tyrios,
810 3702 840 3751 et
854 3693 1004 3771 Agenoris
1017 3694 1122 3752 urbem
1137 3712 1144 3764 ς

328 3787 388 3847 Sed
402 3788 476 3846 lines
489 3787 608 3865 Libyci,
624 3806 721 3865 genus
734 3786 923 3845 intrectebile
937 3787 1026 3848 bello.

327 3878 487 3960 Imperium
500 3882 581 3940 Dido
593 3878 691 3959 Tyrii
702 3881 780 3959 regit
795 3882 869 3939 urbe
884 3882 1027 3959 profecte,
1254 3882 1313 3941 ³40

326 3972 511 4033 Germanum
525 3975 652 4054 lugiens.
693 3974 802 4053 Longe
815 3984 861 4034 est
875 3974 992 4053 injurie,
1009 3977 1106 4056 longe
1216 4028 1222 4039 .

326 4068 480 4146 Ambeges
493 4087 501 4138 ;
525 4068 578 4127 sed
591 4088 707 4127 summe
718 4086 832 4145 nequer
843 4070 964 4149 lastigie
978 4088 1087 4130 rerum.

365 4159 450 4219 Huic
463 4160 571 4236 conjnx
585 4161 731 4236 Sychmus
743 4170 820 4235 ernt,
836 4163 997 4223 ditissimus
1016 4163 1083 4242 egri

325 4252 513 4325 Phoenicum,
529 4262 560 4311 et
573 4272 681 4331 magno
694 4256 812 4315 miserm
826 4256 954 4317 dilectus
968 4276 1069 4316 emore
1083 4274 1091 4315 t

326 4344 387 4408 coi
402 4358 486 4425 peter
498 4348 641 4406 intectum
654 4348 788 4422 dederet,
804 4351 964 4429 primisque
980 4350 1105 4431 jugiret
1253 4350 1312 4411 ³45
