3167 5234
456 611 465 622 “
534 543 758 592 GEORGICON
778 545 849 592 Llll.
863 545 909 592 lv.

220 686 454 763 Purpureusque
469 691 582 742 metunt
595 679 695 756 dores,
712 692 741 742 et
755 684 878 744 flumine
890 684 985 743 libent

223 783 342 839 Summa
355 778 448 838 leves.
491 777 585 850 Hinc,
602 779 705 836 nescio
720 777 781 855 qud
794 778 952 837 dulcedine
966 779 1054 850 lere,

221 873 400 953 Progeniem
414 871 560 948 nidosque
574 870 674 930 fovent
690 891 697 929 :
720 873 790 930 hine
805 881 870 930 erte
883 878 1022 931 recentes

221 967 382 1028 Excudunt
395 981 495 1038 ceres,
511 974 540 1024 et
555 965 644 1024 melle
656 966 776 1026 tenscie
790 966 915 1045 fingunt.

259 1061 355 1134 Hinc,
371 1062 423 1119 ubi
439 1061 502 1136 jem
516 1061 657 1119 emissum
671 1060 774 1119 caveis
788 1061 827 1119 ed
840 1061 940 1119 sidera
954 1059 1025 1120 coeli

222 1157 249 1216 N
253 1175 303 1214 are
320 1175 374 1234 per
388 1163 522 1214 testatem
536 1154 678 1231 liquidem
691 1155 863 1232 suspexeris
877 1170 996 1232 agmen,

223 1240 452 1325 obscuramque
466 1247 545 1306 trahi
559 1257 647 1306 vento
662 1249 810 1306 mirabere
824 1251 944 1320 nubem,

224 1343 449 1420 Contemplator
462 1361 470 1411 3
496 1361 590 1418 eques
604 1342 708 1400 dulces
722 1350 751 1400 et
764 1341 890 1400 frondes
904 1360 1023 1420 semper

222 1436 319 1496 Tecto
333 1444 445 1514 petunt.
488 1436 561 1496 Huc
575 1444 607 1494 tu
624 1437 726 1512 jussos
741 1455 868 1514 asperge
884 1455 1019 1514 sopores,

223 1529 310 1589 'stite
323 1528 518 1607 melisphylla,
534 1537 563 1588 et
578 1530 720 1588 cerintha
735 1529 866 1607 ignobile
880 1547 1018 1608 grameu3

223 1623 421 1700 Tinnitusque
434 1623 493 1694 cie,
509 1631 539 1681 et
552 1623 660 1682 Matris
675 1631 764 1699 quete
780 1624 918 1700 cymbula
931 1623 1053 1682 circium.

224 1717 301 1797 Ipsre
316 1718 470 1777 consident
483 1716 639 1776 medicatis
653 1716 774 1775 sedibus
788 1735 796 1786 ;
825 1717 897 1794 ipssa

224 1812 331 1872 Iutima
343 1831 426 1871 more
440 1832 495 1871 suo
509 1831 576 1872 sese
591 1811 620 1870 in
634 1812 784 1870 cuuebula
800 1811 937 1872 condent.

262 1906 314 1964 Sin
329 1914 429 1964 autem
443 1906 480 1964 ad
495 1923 624 1984 pugnem
638 1905 784 1974 exierint;
809 1906 892 1982 (nem
906 1905 987 1984 supe
1001 1906 1120 1966 duobus

223 1998 360 2078 Regibus
374 2000 497 2059 incessit
511 2019 619 2078 megno
633 1999 783 2058 discordie
796 2009 888 2071 motu,

224 2092 436 2171 Continudque
450 2095 565 2153 enimus
579 2093 660 2172 vulgi
675 2100 705 2151 et
718 2093 899 2171 trepidantis
912 2094 991 2153 bello

225 2186 328 2248 Corde
340 2188 411 2247 licet
425 2188 513 2268 longe
529 2189 722 2266 praesciscere
737 2206 744 2258 ;
769 2205 898 2264 namque
912 2196 1065 2254 merentes

223 2281 352 2342 Martius
366 2283 416 2342 ille
431 2283 500 2342 aeris
513 2282 598 2340 rauci
613 2301 707 2340 eonor
721 2282 866 2359 increpet,
883 2289 913 2339 et
927 2300 986 2340 ror

224 2377 354 2436 Auditur
366 2376 478 2436 fructos
492 2377 605 2435 sonitus
619 2376 733 2434 imitate
749 2377 889 2434 tuberum
905 2394 913 2444 ;

223 2471 304 2530 Tum
315 2471 439 2549 trepidae
453 2471 531 2530 inter
544 2489 578 2528 se
593 2471 713 2540 coeunt,
730 2469 896 2547 pennisque
910 2473 1082 2540 coruscent,

225 2564 406 2643 Spiculaque
420 2571 570 2623 exacuunt
584 2563 700 2634 rostris,
718 2571 880 2640 aptantque
893 2562 1034 2634 lacertos,

223 2656 264 2717 Et
278 2658 361 2717 circe
373 2677 477 2736 regem
491 2665 581 2734 atque
596 2657 661 2734 ipse
674 2655 712 2713 ed
728 2656 868 2732 praetoria
881 2655 982 2714 denses

223 2751 401 2823 Miscentur,
417 2752 594 2830 magnisque
608 2759 717 2808 vocent
731 2750 911 2808 clamoribus
925 2749 1041 2807 bostem
1052 2750 1077 2828 τ)
1105 2754 1113 2764 “

223 2845 319 2924 Ergo,
336 2845 387 2904 ubi
400 2865 454 2904 rer
468 2851 564 2903 naetae
579 2845 685 2902 sudum
699 2863 882 2922 camposque
896 2851 1044 2921 petentes,

223 2939 392 3017 Erumpunt
405 2939 497 3016 portis
513 2959 521 3008 ;
546 2938 735 2997 concurritur
749 2957 756 3006 ;
781 2938 893 2995 aetbere
907 2938 937 2995 in
952 2937 1012 2996 elto

223 3032 274 3091 Fit
288 3033 401 3092 sonitus
415 3052 423 3102 ;
448 3036 588 3112 msg'num
603 3032 700 3091 mixtae
720 3032 924 3110 glomerentur
937 3031 968 3090 in
981 3033 1095 3104 orbem,

224 3126 459 3204 Praecipitesque
474 3126 605 3186 cadunt:
629 3145 687 3184 uon
701 3125 822 3184 densior
835 3127 907 3184 edre
921 3123 1047 3203 grendo,

224 3219 291 3279 Neo
306 3220 343 3278 de
358 3222 505 3279 concussi
519 3229 633 3279 tentum
649 3219 721 3298 pluit
735 3220 804 3277 ilice
819 3218 945 3296 glendis.

225 3312 285 3391 lpsi
300 3333 355 3392 per
369 3315 484 3372 medies
497 3315 591 3386 ecies,
607 3314 772 3392 insignibus
793 3314 858 3384 alis,

225 3405 368 3486 Ingentes
383 3407 497 3466 enimes
512 3415 638 3486 angusto
654 3408 682 3466 in
698 3417 819 3486 pectore
833 3415 953 3465 versent
968 3427 975 3477 3

224 3499 329 3577 Usque
345 3500 420 3560 eded
435 3501 535 3561 obnixi
549 3521 608 3560 non
622 3501 741 3573 cedere,
759 3501 943 3579 dum‚graris
956 3508 1009 3560 aut
1021 3499 1087 3574 bos,

224 3595 287 3653 Aut
302 3595 356 3652 hos
369 3614 459 3654 verse
471 3594 545 3674 lugd
559 3595 654 3654 victor
667 3595 739 3653 dere
754 3603 842 3674 terge
854 3595 982 3674 subegit.

224 3685 270 3746 Hi
284 3696 381 3746 motus
395 3689 561 3748 animorum
574 3697 663 3766 etque
677 3689 743 3748 haec
757 3689 923 3747 certamine
933 3695 1020 3746 tente

224 3781 363 3840 Pulveris
378 3782 477 3862 exigui
494 3782 578 3859 jectu
593 3801 766 3860 compressa
781 3783 948 3858 quiescunt.

183 3882 190 3898 ⁶
263 3873 390 3947 Verium,
407 3877 457 3935 ubi
471 3876 611 3936 ductores
626 3877 691 3935 acie
705 3876 903 3934 revocareris*
911 3874 1010 3946 ambo,
1029 3903 1033 3908 ·

224 3967 369 4048 Deterior
383 3970 433 4046 qui
447 3970 538 4044 visus,
555 3990 634 4042 eurn,
651 3989 688 4028 ne
703 3969 846 4047 prodigus
859 3969 947 4039 obsit,

224 4060 315 4120 Dede
329 4063 397 4122 neci
411 4083 418 4132 ;
441 4063 548 4123 melior
561 4062 660 4122 vecula
673 4063 737 4122 sinc
752 4070 858 4140 regnet
872 4057 902 4120 in
917 4061 997 4124 uult.

225 4155 315 4214 Alter
328 4155 384 4213 erit
397 4157 522 4216 maculis
538 4177 611 4216 euro
626 4156 832 4232 squalentibus
846 4155 955 4216 ardeus
968 4175 977 4228 3

225 4247 253 4307 N
257 4267 305 4308 aru
320 4247 379 4309 duo
392 4259 461 4310 sunt
474 4270 610 4331 genere:
633 4250 683 4310 bic
698 4250 812 4322 melior,
828 4251 955 4330 insignis
968 4258 999 4310 et
1013 4268 1076 4325 ore,

505 4345 550 4404 qs
