3167 5234
382 570 444 629 m
672 528 709 606 'a
724 557 889 605 vraornrr
907 555 1078 604 arsamus

385 707 484 782 Atque
500 703 605 761 iterum
620 700 650 759 in
663 700 803 757 Teucros
815 697 930 756 AEtolis
940 696 1036 774 surgit
1050 695 1088 752 ab
1100 692 1192 772 Arpis

384 798 525 877 Tydides.
567 794 727 872 Equidem,
744 792 845 863 oredo,
861 809 931 849 mea
941 791 1067 849 vulnera
1079 796 1217 861 restaatg

384 892 425 951 Et
438 900 490 949 tua
505 890 662 968 progenies
676 886 814 945 mortalia
826 885 967 944 demoror
980 888 1084 941 arma!
1331 882 1374 943 ω

346 1043 357 1058 ‚
386 984 417 1044 Si
430 985 494 1043 sine
510 1003 583 1061 peoe
597 980 660 1053 tud,
678 988 768 1057 atque
783 979 876 1037 inrito
888 978 1018 1047 numine,
1035 974 1135 1035 Trois

385 1078 503 1136 Italiam
517 1073 641 1154 petiere,
656 1075 739 1133 luant
754 1081 905 1151 peecata;
928 1088 1026 1147 neque
1040 1070 1107 1128 illos
1549 1109 1550 1128 2

384 1170 405 1229 J
407 1170 505 1228 uveris
520 1169 638 1227 auxilio.
682 1168 734 1225 Sin
749 1174 792 1224 tot
805 1184 949 1243 responsa
961 1163 1068 1248 secuti,

386 1263 464 1331 Quae
480 1262 586 1340 Superi
601 1260 773 1337 Manesque
787 1260 908 1329 dabant,
924 1276 979 1315 our
992 1276 1072 1315 nune
1086 1264 1138 1314 tua
1153 1255 1311 1334 quisquam
1549 1275 1550 1326 l

385 1356 513 1413 Vertere
524 1356 609 1432 jusse
625 1353 745 1432 potest?
767 1361 818 1410 eut
833 1371 889 1409 our
902 1370 980 1409 nova
992 1350 1122 1409 condere
1136 1350 1222 1407 lata?
1331 1348 1371 1408 ³6

386 1447 465 1521 Quid
481 1460 612 1527 repetam
627 1455 748 1505 exustas
762 1445 895 1522 Erycino
910 1446 940 1502 in
954 1444 1052 1501 littore
1066 1442 1206 1501 classes?

386 1542 466 1610 Quid
481 1550 688 1619 tempestatum
703 1558 818 1617 regern,
833 1547 998 1614 ventosque
1014 1536 1149 1595 furentes
1175 1564 1181 1575 ·
1305 1550 1311 1563 ⁸
1549 1539 1550 1580 l

385 1634 493 1695 AEolis
505 1636 618 1693 excitos
632 1635 643 1690 i
665 1641 715 1692 sut
729 1642 827 1691 aotam
842 1632 970 1690 nubibus
983 1630 1054 1688 Irim
1071 1630 1082 1686 ἓ

386 1728 415 1787 N
418 1747 476 1785 uno
490 1728 581 1785 etiam
593 1728 702 1785 Manes
718 1726 799 1804 (hmo
812 1725 959 1783 intentata
975 1724 1115 1781 manebat
1549 1725 1550 1744 ¹

387 1822 458 1879 Sors
472 1820 586 1899 rerum)
602 1828 699 1878 movet
713 1840 721 1889 ;
746 1828 775 1877 et
789 1818 906 1895 superis
919 1817 1050 1875 immissa
1064 1814 1187 1894 repente
1332 1818 1373 1877 to

385 1914 514 1985 Allecto,
531 1914 644 1971 medias
657 1912 764 1971 Italum
779 1912 925 1969 haeobeta
941 1929 995 1988 per
1007 1912 1106 1969 urbes.

386 2008 437 2067 Nil
452 2026 542 2085 super
556 2008 677 2083 imperio
692 2023 834 2065 moveor:
856 2005 1041 2083 speravimus
1054 2003 1122 2075 ista,

384 2099 465 2160 Dum
481 2102 599 2160 fortuna
613 2100 666 2158 suit
683 2120 690 2170 ;
715 2100 845 2170 vineant,
864 2117 938 2176 quos
952 2099 1072 2156 vincere
1086 2096 1188 2156 mavis.

387 2195 420 2254 Si
432 2194 514 2253 nulla
528 2202 574 2253 est
587 2195 682 2273 reg-io,
698 2192 828 2252 Teucris
843 2212 931 2269 quam
945 2194 995 2251 det
1007 2201 1059 2250 tua
1079 2191 1189 2269 conjux

385 2288 473 2347 Dura
487 2309 495 2358 ;
522 2308 575 2366 per
588 2306 713 2359 eversae,
730 2287 858 2366 genitor,
875 2287 1018 2345 fumantia
1034 2286 1136 2362 Trojae
1334 2286 1375 2346 te

385 2382 513 2441 Excidio
527 2384 669 2453 obtestor,
686 2382 775 2439 liceat
791 2380 936 2438 dimittere
952 2382 988 2437 ab
1003 2380 1094 2437 armis

387 2474 570 2533 Incolumem
583 2476 758 2546 Ascanium,
774 2474 863 2532 liceat
878 2492 1036 2549 superesse
1050 2480 1196 2552 nepotem.

385 2570 506 2628 AEneas
522 2569 624 2647 procul
639 2569 748 2647 ignotis
758 2568 891 2643 jactetur
905 2567 935 2625 in
948 2567 1045 2638 undis,

385 2662 427 2721 Et
442 2680 658 2739 quamcumque
674 2663 751 2720 viam
765 2661 879 2719 dederit
892 2660 1027 2719 Fortuna
1047 2668 1214 2737 sequatur:

386 2754 480 2813 Hune
494 2764 608 2832 tegere,
625 2761 655 2811 et
669 2754 741 2812 dirae
755 2755 873 2811 valeam
887 2754 1055 2812 subducere
1071 2774 1187 2832 pugnas.
1334 2753 1375 2812 dt)

385 2848 442 2907 Est
458 2848 612 2919 Amathus,
629 2854 676 2904 est
689 2848 771 2904 celsa
784 2847 855 2904 mihi
868 2846 1000 2925 Paphus,
1018 2856 1107 2924 atque
1123 2846 1268 2925 Cythera,

386 2940 548 3017 ldaliaeque
563 2940 688 3008 domus;
714 2939 816 3017 positis
830 2940 974 3017 inglorius
989 2942 1079 2999 armis

385 3036 496 3113 Exiget
512 3035 560 3093 hio
575 3054 679 3093 sevum.
722 3034 837 3114 Magnis
851 3036 960 3094 ditione
971 3036 1076 3112 jubeto

387 3128 543 3205 Carthago
558 3136 672 3205 premat
684 3128 850 3186 Ausoniam
866 3148 874 3198 ;
897 3130 969 3187 nihil
983 3131 1107 3188 urbibus
1121 3128 1189 3189 inde

386 3222 524 3281 Obstahit
537 3220 649 3298 Tyriis.
692 3221 773 3289 Quid
787 3229 901 3299 pestem
915 3223 1044 3281 evadere
1059 3222 1129 3281 belli
1332 3220 1373 3281 dd

385 3316 406 3375 J
408 3317 479 3388 uvit,
496 3324 525 3373 et
539 3316 699 3394 Argolicos
713 3316 841 3374 medium
855 3316 969 3394 fugisse
983 3336 1037 3394 per
1050 3318 1146 3395 ignea,

385 3410 503 3487 Totque
517 3410 608 3467 maris
621 3417 773 3485 vastaeque
788 3409 933 3467 exhausta
949 3410 1079 3486 pericula
1093 3418 1193 3483 terrae,

384 3504 466 3563 Dum
480 3504 600 3561 Latium
613 3500 726 3560 Teucri
741 3502 933 3578 recidivaque
947 3502 1098 3581 Pergama
1110 3500 1274 3580 quarunt?

385 3598 415 3658 N
417 3618 455 3657 on
469 3598 572 3669 satius,
590 3597 707 3655 cineres
722 3596 826 3673 patriae
840 3596 986 3655 insedisse
1001 3616 1166 3675 supremos,

386 3692 484 3767 Atque
499 3692 604 3762 solum,
622 3708 680 3767 quo
695 3688 789 3766 Troja
802 3689 857 3747 suit
874 3688 885 3746 ἲ
925 3689 1078 3749 Xanthum
1092 3699 1121 3749 et
1136 3690 1289 3750 Simoduta
1332 3690 1373 3749 60

385 3784 502 3855 Redde,
519 3804 582 3854 oro,
599 3784 738 3854 miseris;
762 3784 929 3859 iterumque
943 3784 1097 3842 revolvere
1113 3802 1202 3843 easus

384 3876 446 3948 Da,
463 3890 558 3955 pater,
574 3878 685 3936 lliaoos
697 3878 837 3937 Teucris.
878 3878 957 3935 Tum
971 3878 1057 3955 regia
1069 3878 1161 3950 Juno,

384 3971 464 4028 Aeta
478 3971 578 4028 furore
592 3972 677 4048 grsvi
693 3990 700 4027 ε
724 3971 806 4038 Quid
819 3990 866 4029 me
881 3972 942 4029 alta
956 3972 1073 4029 silentia
1090 3969 1175 4050 cogis

385 4062 548 4140 Rumpere,
565 4072 595 4122 et
609 4064 768 4123 obductum
782 4066 883 4123 verbis
897 4065 1020 4143 vulgare
1034 4065 1167 4124 dolorem
1181 4063 1194 4121 i

385 4154 510 4216 AEnean
523 4158 671 4217 hominum
688 4160 844 4236 quisquam
859 4156 994 4217 dimimre
1009 4159 1126 4236 subegit
1334 4156 1374 4216 06
1390 4167 1395 4180 '

385 4249 473 4308 Bella
486 4251 582 4327 sequi,
599 4262 648 4310 ant
662 4254 776 4311 hostem
790 4253 856 4331 regi
870 4272 903 4311 se
917 4250 1027 4311 inferre
1039 4251 1178 4311 Latino?

386 4340 506 4403 Italiam
519 4345 587 4403 fatis
601 4346 683 4424 petiit
702 4347 885 4420 auctoribus,
902 4357 977 4421 esto,
