3167 5234
561 577 736 626 AENEIDOS
760 578 830 625 ΜΒ.
845 579 873 624 v.
1152 584 1206 639 137
1284 611 1285 620 ,

224 714 358 788 Cornua,
376 697 637 793 detorquentque:
660 716 757 775 serunt
771 736 827 774 sua
841 715 960 773 flamina
974 712 1110 774 classem.
1191 680 1219 712 ,ί
1258 689 1287 763 lt
1332 696 1384 739 Μ’
1400 684 1451 717 ‘²⁵

223 809 368 887 Princeps
383 819 451 867 ante
466 829 568 867 omnes
582 810 705 867 densum
719 808 879 867 Palinurus
894 811 1002 887 agebat

223 904 362 982 Agmen3
388 904 425 960 ad
439 903 519 962 hunc
533 904 584 961 alii
598 922 718 961 cursum
732 901 913 960 contendere
931 900 1017 978 jussi.

260 995 391 1073 Jamque
404 996 467 1053 ferd
483 996 610 1054 mediam
623 998 692 1054 omli
706 1013 764 1054 nox
778 994 898 1053 humida
912 1003 1022 1063 metam
1150 995 1207 1053 aab

224 1090 401 1169 Contigerat
417 1109 424 1160 ;
449 1089 568 1168 placide
581 1089 717 1148 laxarent
730 1092 863 1147 membra
877 1088 978 1166 quiete

224 1184 285 1241 Sub
300 1184 390 1241 remis
404 1183 463 1241 fusi
476 1202 529 1260 per
544 1183 619 1241 dura
633 1183 739 1242 sedilia
751 1193 850 1243 nautae
864 1202 870 1240 :

224 1274 326 1342 Quum
340 1276 414 1333 levis
430 1276 560 1333 aetheriis
574 1276 712 1353 delapsus
728 1278 855 1334 Somnus
869 1278 906 1333 ab
924 1274 1013 1333 astris

223 1368 306 1426 Aera
318 1368 438 1426 dimovit
452 1370 653 1439 tenebrosum,
670 1377 700 1426 et
714 1370 833 1446 dispulit
849 1371 980 1439 umbras,

223 1461 281 1533 Te,
296 1462 449 1534 Palinure,
467 1471 581 1540 petens,
598 1464 650 1520 tibi
663 1464 778 1521 somnia
792 1463 888 1520 tristia
902 1471 1022 1540 portans

225 1553 338 1613 Insonti
353 1575 361 1625 ;
385 1556 534 1633 puppique
549 1556 623 1613 deus
637 1557 769 1614 consedit
785 1558 814 1615 in
831 1555 901 1626 alud,

223 1646 387 1706 Phorbanti
401 1648 524 1718 similie3
549 1648 701 1726 funditque
715 1650 770 1707 bas
783 1669 836 1706 ore
856 1649 1012 1725 loquelas:

224 1738 322 1797 laside
335 1740 489 1812 Palinure,
506 1742 603 1799 serunt
616 1743 682 1818 ipsa
695 1761 819 1817 aequora
833 1742 960 1799 classem
973 1759 982 1810 ;

222 1836 369 1913 AEquatae
383 1839 496 1915 spirant
511 1858 593 1896 aurae
609 1857 617 1907 ;
640 1838 728 1896 datur
741 1839 816 1897 bora
830 1838 922 1914 quieti
938 1856 945 1894 ε

222 1929 306 1988 Pone
321 1940 421 2008 caput,
437 1931 592 2007 fessosque
607 1930 710 1989 oculos
725 1931 825 1989 furare
840 1931 944 1989 labori.

223 2022 292 2101 Ipse
306 2044 363 2101 ego
378 2025 528 2103 paulisper
541 2046 594 2101 pro
607 2033 637 2082 te
651 2033 703 2082 tua
716 2044 841 2082 munera
856 2024 945 2083 inibo.

224 2116 284 2177 Cui
298 2118 347 2175 vix
361 2118 500 2175 attollens
512 2118 674 2176 Palinurus
687 2118 798 2176 lumina
811 2117 911 2175 fatur:

223 2208 314 2268 Mene
329 2209 401 2269 salis
415 2210 523 2288 placidi
537 2212 649 2269 vultum
664 2212 832 2286 fluctusque
849 2212 964 2286 quietos

223 2302 370 2382 Ignorare
386 2303 501 2379 jubes?
522 2322 607 2362 mene
622 2304 691 2362 huic
707 2303 858 2361 confidere
872 2300 1004 2362 monstro
1019 2302 1030 2360 l

223 2396 349 2456 AEnean
362 2397 483 2455 credam
498 2396 567 2473 quid
582 2397 661 2455 enim
675 2396 832 2454 fallacibus
844 2396 975 2467 Austris,

223 2488 265 2547 Et
278 2490 349 2549 coeli
361 2490 449 2548 toties
463 2490 608 2567 deceptus
621 2488 726 2547 t‘raude
743 2489 842 2547 sereni
859 2488 869 2543 ?

225 2585 312 2644 Talia
326 2586 406 2643 dicta
420 2585 530 2655 dabat,
555 2587 732 2661 clavumque
747 2584 853 2642 affixus
867 2593 897 2642 et
910 2584 1028 2643 haerens

226 2678 382 2756 Nusquam
397 2680 560 2750 amittebat,
576 2680 739 2754 oculosque
754 2680 809 2735 sub
825 2686 906 2735 astra
919 2676 1050 2737 tenebat.

225 2773 309 2831 Ecce
324 2773 399 2830 deus
412 2792 527 2833 ramum
540 2772 667 2830 Lethaeo
682 2791 750 2829 rore
765 2770 942 2841 madentem,

225 2865 324 2942 Vique
339 2875 511 2943 soporatum
524 2864 641 2943 Stygia,
657 2884 747 2942 super
761 2873 888 2940 utraque
904 2871 1025 2940 quassat

227 2956 377 3036 Tempora
391 2978 399 3028 ;
424 2959 636 3034 cunctantique
651 2959 785 3016 natantia
800 2958 911 3015 lumino
924 2958 1019 3017 solvit.

225 3050 284 3110 Vix
299 3053 409 3129 primos
423 3052 543 3129 inopina
558 3052 642 3128 quies
656 3052 810 3110 laxaverat
830 3060 912 3109 anus
926 3070 933 3120 3

226 3144 265 3204 Et
281 3132 372 3222 super
387 3142 572 3215 inbumbens,
589 3164 657 3203 cum
672 3145 776 3222 puppis
795 3152 878 3221 parte
894 3144 1023 3217 revulsa,

227 3238 366 3314 Cumque
380 3238 575 3315 gubernaclo,
591 3238 719 3314 liquidas
739 3238 862 3315 projecit
877 3238 906 3295 in
921 3236 1016 3295 undas

225 3331 426 3407 Pracipitem,
443 3350 479 3388 ac
495 3331 594 3389 socios
607 3332 809 3407 nequidquam
823 3330 902 3407 mepd
918 3336 1083 3388 vocantem.

227 3423 296 3501 Ipse
310 3424 415 3481 volans
428 3433 534 3482 tenues
548 3443 581 3482 se
595 3425 713 3482 sustulit
728 3425 790 3483 ales
805 3424 843 3485 ad
857 3443 955 3481 auras.

207 3512 215 3529 ⁸
228 3515 333 3575 Currit
348 3516 405 3574 iter
417 3525 511 3575 tutum
527 3537 586 3575 non
600 3517 698 3575 seciits
715 3536 836 3593 [equore
851 3516 967 3588 classis,

226 3608 448 3686 Promissisque
463 3610 556 3687 patris
570 3610 703 3687 Neptuni
716 3610 851 3669 interrita
865 3610 967 3668 fertur.

226 3702 358 3779 Jamque
373 3702 448 3761 aded
464 3704 602 3781 scopulos
617 3705 754 3762 Sirenum
768 3704 894 3762 advecta
909 3703 1036 3774 subibat,

225 3795 376 3855 Difficiles
392 3797 549 3873 quondam,
565 3800 782 3873 multorumque
798 3798 916 3855 ossibus
930 3796 1034 3854 albos:

227 3887 305 3947 Tum
320 3908 414 3947 rauca
428 3890 547 3948 assiduo
561 3889 650 3967 longe
665 3890 728 3947 sale
742 3909 815 3947 saxa
830 3890 995 3947 sonabant:

228 3979 329 4048 Quum
344 3991 430 4060 pater
444 3984 552 4043 amisso
566 3983 730 4043 fluitantem
744 4002 847 4041 errare
862 3982 1004 4059 magistro

228 4074 337 4146 Sensit,
354 4084 385 4134 et
400 4077 462 4154 ipse
476 4087 572 4137 ratem
587 4076 740 4136 nocturnis
751 4076 828 4135 rexit
842 4076 871 4133 in
886 4075 983 4147 undis,

224 4166 326 4227 Multa
338 4189 475 4248 gemens,
490 4192 623 4250 casuque
637 4172 767 4229 animum
780 4190 945 4231 concussus
963 4171 1051 4232 amici
1065 4191 1073 4231 ι

225 4260 254 4320 0
266 4262 391 4321 nimium
404 4266 483 4323 coelo
497 4274 527 4324 ct
541 4266 648 4343 pelago
663 4265 774 4323 confise
788 4284 906 4335 sereno,

226 4355 337 4417 Nudus
350 4358 381 4419 in
395 4360 510 4438 ignotd,
524 4361 676 4433 Palinure,
693 4359 811 4436 jacebis
825 4358 937 4420 arena!
