3167 5234
566 560 742 613 nnnrnos
762 564 832 612 mn.
847 564 929 613 ms·
1156 570 1216 627 κω

230 701 260 762 Ο
273 700 418 780 genetrix,
435 699 495 777 quo
509 701 572 760 l'etn
585 720 676 760 voces
690 702 701 759 ἓ
723 710 773 762 eut
787 702 858 780 quid
871 710 946 781 petre
960 702 1050 761 istis?

231 794 388 853 Mortaline
403 813 492 853 manu
506 795 593 853 soctan
608 796 771 855 immortale
792 799 903 855 cerium
1178 796 1218 855 96

231 888 293 947 Fss
306 889 437 947 habeant
451 886 462 943 l
484 895 644 965 certusque
658 890 775 948 incerte
789 890 923 967 periculo
936 890 1042 948 lustret

230 982 349 1041 AEnens
363 982 375 1036 ?
398 980 458 1040 Cui
470 989 553 1039 tante
567 980 623 1039 deo
639 982 783 1058 permissu
803 990 935 1059 potestne
947 982 959 1037 l

231 1074 335 1145 lmmo,
350 1075 403 1133 ubi
416 1074 564 1133 defuncte
579 1074 668 1133 linem
681 1082 844 1151 portusque
862 1077 1005 1134 tenebunt

230 1168 392 1238 Ausonios,
409 1167 477 1225 olim
492 1186 690 1242 quecumque
703 1169 833 1226 evenerit
847 1168 953 1239 nudes,

230 1260 477 1336 Dardaniumque
491 1260 597 1317 ducem
613 1260 777 1319 Laurentia
791 1262 905 1319 vexerit
919 1280 1002 1332 erre,
1096 1258 1103 1268 '

232 1352 391 1412 Mortalem
405 1352 529 1429 eripiam
543 1342 678 1424 lei-mem,
694 1354 853 1431 magnique
864 1354 977 1429 jubebo

231 1446 379 1523 AEquoris
392 1464 461 1503 esse
474 1445 546 1504 dens
560 1465 568 1502 τ
592 1447 688 1521 quelis
702 1446 817 1505 Nereis
829 1447 912 1505 Doto

232 1538 274 1598 m
286 1539 416 1597 Geletee
429 1547 533 1596 secent
547 1547 734 1616 spumantem
746 1548 867 1615 pectore
881 1547 1011 1615 pontum.
1085 1588 1090 1597 .

233 1630 379 1700 Dixeret;
404 1630 493 1707 idque
508 1640 606 1689 retum
621 1632 716 1709 Stygii
731 1651 783 1708 per
796 1632 918 1690 flumine
930 1632 1041 1702 fromn,

232 1724 294 1785 Per
306 1726 372 1803 pice
384 1732 533 1783 torrentes
548 1724 673 1800 utrique
688 1724 831 1801 voragine
845 1725 938 1801 ripes,

232 1818 354 1889 Annuit,
370 1825 400 1875 et
413 1824 507 1875 totum
520 1825 592 1876 nutu
607 1817 773 1875 tremefecit
789 1817 958 1893 Olympum.

270 1910 355 1987 Ergo
369 1910 471 1967 ederet
486 1911 631 1986 promisse
644 1910 718 1981 dies,
735 1918 765 1969 et
778 1918 913 1986 tempore
925 1910 1031 1969 Parce

230 2002 344 2063 Debita
357 2001 551 2079 complerant,
569 2022 660 2079 quum
672 2003 769 2063 Turni
782 2003 891 2079 injurie
903 2002 1032 2063 Matrem

231 2096 391 2155 Admonuit
405 2096 518 2155 retibus
532 2096 627 2155 sacris
640 2096 790 2173 depellere
804 2097 909 2156 tedes.

144 2188 153 2207 ⁸
230 2189 293 2249 Hic
309 2189 434 2267 primum
448 2208 525 2247 nove
538 2189 590 2247 lux
602 2190 697 2249 oculis
711 2190 833 2261 offulsit,
848 2200 879 2247 et
892 2190 999 2267 ingens

230 2282 322 2341 Visus
337 2284 376 2341 eb
389 2280 509 2341 Aurord
522 2284 631 2341 coslum
644 2292 850 2341 transcurrere
864 2283 993 2354 nimbus,

230 2376 364 2453 ldaeique
378 2376 461 2435 chori
475 2396 482 2445 ;
506 2386 568 2435 tum
582 2396 640 2435 vox
653 2376 803 2436 horrende
816 2396 870 2453 per
883 2396 974 2447 eures

230 2470 360 2543 Excidit,
377 2479 407 2531 et
421 2473 534 2531 Troum
547 2472 787 2547 Rutulorumque
802 2472 922 2549 agmine
934 2472 1083 2549 complet:

215 2564 278 2635 ,Ne
292 2565 439 2642 trepidate
455 2584 547 2636 mess,
563 2565 687 2635 Teucri,
704 2563 864 2623 defendere
878 2583 981 2636 neves,

230 2658 316 2717 Neve
331 2667 444 2717 ermete
459 2676 585 2727 menus;
610 2658 705 2716 merie
718 2656 786 2715 ente
801 2676 928 2716 exurere
941 2657 1047 2714 Turno

230 2749 330 2817 Qudm
344 2770 448 2809 encres
461 2751 578 2809 debitur
592 2752 686 2827 pinus.
729 2749 804 2822 Vos,
819 2750 860 2808 ite
873 2751 989 2821 solute,

231 2842 288 2915 Ite,
303 2843 368 2902 dem
383 2843 501 2920 pelegi;
526 2844 672 2902 Genetrix
681 2843 775 2919 jubet.
817 2844 859 2902 Et
872 2863 929 2902 sue
943 2860 1072 2919 queque

232 2935 383 2995 Continuo
398 2956 512 3013 puppes
525 2940 701 3013 abrumpunt
717 2937 835 2995 vinculo
848 2937 931 3014 ripis,

231 3026 472 3106 Delphinrimque
486 3029 573 3088 modo
588 3030 731 3089 demersis
746 3049 868 3106 aequoru
885 3030 989 3089 rostris

230 3120 296 3181 Imn
310 3130 422 3199 petunt.
463 3120 546 3181 Hinc
561 3122 702 3201 virginee
719 3122 867 3199 (mirabile
886 3132 1048 3183 monstrum
1061 3125 1085 3201 l)

234 3212 330 3291 [Quot
345 3214 425 3292 priirs
439 3222 539 3274 erelae
553 3222 697 3273 steterant
711 3215 748 3273 ed
762 3217 861 3275 littore
875 3216 995 3293 prorm,]
1106 3209 1111 3229 ⁵

231 3307 373 3366 Reddunt
386 3328 420 3365 se
434 3308 555 3367 tolidem
569 3308 825 3386 fecies‚pont0que
839 3310 985 3368 seruntur.

270 3400 461 3480 Obstupuire
477 3402 581 3461 animis
594 3403 699 3461 Rutuli
715 3423 723 3472 ;
747 3404 926 3463 conterritus
939 3403 1003 3479 ipse

230 3495 375 3555 Turbetis
387 3494 548 3573 Messapus
562 3496 647 3571 equis
663 3515 671 3565 ;
696 3482 856 3554 cunctetur
867 3504 898 3553 et
911 3494 1007 3553 omnis

229 3588 342 3649 Rauca
354 3607 474 3658 sonans,
490 3596 670 3664 revocetque
685 3588 789 3666 pedem
803 3589 965 3647 Tiberinus
978 3588 1017 3645 eb
1031 3587 1103 3646 olto.

231 3679 274 3740 At
288 3700 346 3739 non
360 3680 468 3739 eudeci
482 3680 571 3739 cessit
586 3680 696 3740 fiducie
708 3682 813 3740 Turno
830 3701 838 3751 ς

229 3774 317 3834 Ultro
331 3776 446 3834 enimos
458 3776 533 3834 tollit
547 3776 643 3847 dictis,
661 3785 751 3853 etque
766 3778 900 3853 increpet
914 3776 994 3833 ultro
1008 3792 1016 3831 t

229 3868 380 3944 Troianos
393 3869 458 3927 hmo
472 3877 604 3929 munstre
618 3877 721 3947 petunt
734 3889 742 3940 ;
765 3870 812 3927 his
825 3870 944 3945 Jupiter
957 3868 1021 3944 ipse

227 3961 382 4020 Auxilium
394 3962 512 4021 solitum
526 3962 632 4040 eripuit
648 3982 655 4019 ι
678 3982 736 4020 non
750 3963 820 4033 tele,
836 3981 893 4019 nec
906 3962 992 4037 ignes

227 4052 418 4135 &spectent
429 4055 566 4113 Rutulos.
609 4056 693 4133 Ergo
707 4055 802 4113 marin
814 4055 895 4113 invie
906 4053 1046 4125 Teucris,
1159 4055 1217 4113 1³0

228 4149 260 4208 N
261 4168 299 4207 eo
311 4169 384 4227 spes.
392 4149 456 4208 ulle
470 4150 549 4228 lugae
565 4170 572 4208 τ
595 4170 694 4209 rerum
708 4169 777 4228 pers
790 4150 886 4208 eltern
899 4150 1038 4227 adempte
1051 4155 1098 4208 est
1111 4168 1120 4219 ;

214 4242 329 4301 -Terrn
342 4251 442 4301 nutem
457 4243 486 4301 in
500 4244 609 4302 nostris
622 4244 758 4301 monibus
774 4262 781 4313 ;
805 4250 848 4301 tot
861 4243 962 4314 millis,
978 4250 1084 4321 gentes

226 4336 324 4395 Arme
337 4337 436 4395 lerunt
452 4336 546 4396 ltnlm.
589 4337 640 4396 Nil
653 4356 700 4396 me
714 4336 818 4397 intelle
831 4345 954 4409 terrent,

547 4432 587 4487 w
919 4436 922 4440 Α
