3167 5234
385 580 440 639 ιη
565 554 570 563 ’
666 572 877 619 evincunt
901 572 1072 622 nunonis

381 716 410 775 Ο
424 714 529 792 putris,
544 721 574 772 et
587 712 664 789 rapti
677 711 878 788 nequidquam
891 730 929 769 ex
942 712 1027 771 hoste
1040 712 1172 771 Penates
1185 716 1193 771 l

381 809 513 868 Nullane
528 808 591 883 jem
603 806 704 881 'l'rojm
716 805 855 865 dicentur
867 806 978 864 moenie
991 804 1002 861 l
1024 824 1172 881 nusquam

300 916 304 924 ’
381 903 552 961 Hectoreos
564 919 678 971 omnes,
693 899 848 957 Xanthum
862 907 892 957 st
906 900 1067 970 Simoente,
1083 898 1215 959 videbo?

381 996 464 1063 Quin
478 993 567 1073 igue,
584 1003 615 1052 et
627 1012 745 1051 mecum
757 992 901 1051 infaustus
915 992 1029 1051 exurite
1044 1010 1166 1070 puppes.
1305 997 1365 1055 6³5

380 1089 410 1149 N
412 1108 462 1147 em
473 1088 545 1147 mihi
557 1086 739 1147 cananum
753 1104 808 1163 per
821 1104 955 1145 somnum
969 1085 1046 1144 vetis
1060 1086 1157 1164 imrgo

379 1182 530 1241 Ardentes
544 1181 616 1239 dere
628 1181 694 1238 ries
707 1180 813 1238 feces:
835 1179 899 1237 Hic
913 1180 1037 1255 querite
1052 1178 1185 1256 Trojem,

380 1274 444 1333 Hic
458 1275 561 1333 domne
575 1282 632 1344 est,
646 1272 752 1349 inquit,
768 1273 863 1331 vobis.
902 1273 973 1331 Jnm
986 1281 1101 1349 tempus
1116 1272 1167 1350 egi
1179 1290 1229 1331 res
1243 1292 1253 1344 ς

380 1368 409 1429 N
411 1386 448 1425 ec
460 1366 551 1426 tentis
564 1384 648 1424 more
666 1365 817 1443 prodigiis.
859 1365 909 1423 En
923 1372 1051 1441 quatuor
1065 1384 1125 1424 erte

379 1460 521 1537 Neptuno
535 1478 544 1528 ;
566 1458 641 1518 deus
654 1459 718 1536 ipse
731 1458 815 1517 feces
829 1458 1018 1534 animumque
1032 1458 1185 1517 ministrat.
1303 1462 1362 1519 cto

418 1552 498 1612 Hmc
510 1571 690 1622 memorans,
705 1553 799 1630 primu
812 1551 959 1609 infensum
973 1552 1002 1610 vi
1015 1552 1137 1629 corripit
1150 1552 1250 1631 ignum
1262 1571 1272 1622 ;

380 1645 565 1722 Sublstdqus
579 1646 682 1724 procul
696 1644 802 1703 dexteri
815 1646 943 1703 connire
956 1654 1105 1716 consecet,

379 1739 419 1799 Et
437 1740 521 1816 jecit.
560 1741 697 1797 Arrectae
712 1747 827 1797 mentes
841 1738 1066 1815 stupefactaque
1080 1738 1174 1798 corde

379 1831 516 1891 Iliadum.
556 1832 621 1892 Hic
634 1852 695 1890 une
708 1851 725 1890 e
739 1832 849 1903 multis,
867 1850 933 1908 quae
947 1832 1074 1891 menime
1088 1840 1169 1905 nun,
1208 1843 1210 1849 '

377 1924 490 2004 Pyrgo,
505 1934 548 1985 tot
561 1925 674 1985 Priami
687 1934 823 1984 ustorum
837 1926 922 2003 regie
935 1926 1054 1985 nutrix:
1302 1928 1361 1987 645

378 2020 448 2078 Non
462 2020 559 2079 Beroe
571 2020 665 2090 vobis,
682 2038 741 2077 non
754 2019 820 2077 hoeo
834 2018 986 2091 Rhmtei'e,
1002 2028 1124 2091 matres,

377 2112 434 2170 Est
447 2112 573 2189 Dorycli
586 2112 716 2187 conjux:
737 2111 829 2170 divini
842 2112 929 2189 signe
943 2112 1060 2171 decoris

378 2204 587 2282 Ardentesque
600 2213 702 2264 notute
715 2206 819 2263 oculor
831 2223 839 2274 ;
864 2204 914 2281 qui
928 2205 1048 2283 spiritus
1061 2204 1113 2275 illi,

378 2297 439 2366 Qui
454 2299 562 2369 vultus,
578 2299 698 2357 vocisve
712 2316 813 2369 sonus,
829 2298 877 2357 vel
891 2316 1013 2375 gressus
1031 2297 1123 2359 eunti.

378 2390 448 2469 lpse
461 2400 580 2470 egomet
593 2390 704 2450 dudum
717 2392 835 2451 Beroen
850 2382 987 2470 digresse
999 2391 1106 2468 reliqui
1300 2394 1360 2453 650

378 2478 515 2563 Egi-um,
532 2484 744 2563 indignantem,
759 2486 812 2544 tuli
827 2484 905 2561 qudd
919 2485 984 2543 sole
997 2496 1114 2544 cureret

376 2576 515 2649 Munere,
531 2597 588 2638 nec
601 2579 723 2638 meritos
739 2578 879 2639 Anchise
892 2579 1016 2637 inferret
1030 2579 1166 2639 honores.

377 2671 456 2729 Haec
473 2670 571 2731 effeto.

377 2764 416 2822 At
429 2771 550 2836 matres,
566 2765 661 2842 primd
675 2765 831 2843 ancipites,
847 2766 1001 2841 oculisque
1015 2766 1153 2844 malignis

375 2858 544 2935 Ambigua,
560 2866 698 2935 spectare
711 2867 803 2931 retes,
818 2860 959 2919 miserum
972 2860 1049 2919 iuter
1062 2878 1193 2921 emerem
1299 2863 1358 2920 666

375 2949 537 3009 Proesentis
550 2959 649 3023 terrm,
664 2952 792 3028 setisque
806 2954 944 3011 nocentis
957 2972 1052 3031 regne
1065 2972 1072 3011 :

376 3040 477 3109 Quum
491 3042 549 3102 dee
561 3064 594 3102 se
609 3046 732 3122 peribus
745 3066 799 3123 per
812 3047 921 3106 coelum
935 3048 1053 3105 sustulit
1067 3048 1134 3118 elis,

376 3132 591 3213 ingentemque
606 3137 680 3216 sugis
692 3139 788 3197 secuit
802 3141 858 3198 sub
872 3140 1000 3199 nubibus
1015 3159 1126 3201 ereum.

374 3228 453 3287 Turn
466 3230 538 3288 verd
554 3232 686 3290 ettouitie
700 3232 849 3304 monstris,
865 3241 1002 3309 ectaeque
1017 3233 1127 3305 surore,

375 3320 582 3395 Conclement‚
599 3325 776 3402 rapiuntque
790 3325 865 3384 focis
879 3326 1080 3403 penetralibus
1099 3328 1218 3405 iguem:
1296 3331 1357 3389 660

373 3413 450 3473 Pers
464 3416 590 3492 spolient
604 3436 684 3488 eres,
701 3417 834 3477 frondem
849 3438 886 3477 eo
900 3419 1029 3497 virgulis
1042 3420 1185 3496 lucesque

374 3507 566 3586 Conjiciuut:
589 3510 659 3569 furit
672 3511 811 3571 immissis
825 3512 981 3571 Vuloenue
994 3514 1118 3573 habenis

373 3598 519 3661 Transtre
532 3620 586 3680 per
599 3611 628 3661 et
642 3622 751 3675 remos,
767 3614 797 3662 et
811 3605 906 3681 pictus
921 3606 1018 3664 sbiste
1034 3625 1156 3684 puppes.

372 3694 503 3755 Nuntius
514 3697 656 3756 Anchises
671 3696 709 3756 ed
722 3699 867 3757 tumulum
880 3716 1052 3776 cuneosque
1070 3700 1179 3759 theatri

373 3788 518 3847 lucenses
532 3790 642 3867 perfert
655 3810 749 3850 neves
761 3790 907 3851 Eumelus
921 3812 929 3861 ;
953 3800 983 3851 et
996 3794 1052 3869 ipsi
1297 3794 1356 3853 665

372 3880 549 3960 Respiciunt
563 3891 659 3942 stram
672 3884 702 3943 in
716 3885 815 3945 nimbo
829 3884 954 3945 volitare
969 3887 1108 3949 ievillem.

371 3972 489 4032 Primus
502 3988 532 4033 et
544 3977 703 4050 Ascanius,
719 3998 826 4037 cursus
841 3988 873 4038 ut
886 3981 972 4040 letus
985 3988 1142 4057 equestres

371 4064 523 4140 Ducebat,
538 4069 583 4128 sic
597 4090 670 4129 scer
683 4092 761 4149 equo
774 4074 895 4133 turbete
908 4074 1010 4152 petivit

371 4156 484 4218 Cestre
496 4180 504 4229 3
528 4180 585 4221 nec
598 4165 749 4224 exanimes
763 4175 885 4245 possunt
899 4168 1029 4228 retinere
1043 4166 1186 4247 magistri.

372 4250 450 4317 Quis
463 4252 545 4312 furor
557 4256 613 4316 iste
627 4260 746 4318 novus?
768 4260 827 4336 qud
842 4280 931 4333 nunc,
948 4262 1006 4339 qud
1021 4263 1153 4336 tenditis,
1168 4260 1273 4339 inquit,
1295 4262 1357 4319 670

371 4342 464 4404 Heu!
485 4348 602 4409 misere
616 4352 722 4411 cives?
744 4374 803 4415 non
815 4354 941 4429 hostem,
957 4356 1136 4435 inimicaque
1149 4366 1252 4417 cesus
