3167 5234
555 580 733 629 sueinus
751 580 821 629 ιιιι
835 580 915 628 vni
1173 586 1233 645 Ν

241 724 282 786 Et
294 724 399 804 procul
414 722 581 781 etumulo:
600 722 747 792 Juvenes‚
765 739 832 797 quae
847 738 942 779 eeuse
953 720 1073 799 subegit

241 819 365 899 Ignotae
378 826 497 876 tentare
511 817 576 875 viee
591 816 603 872 i
624 815 683 892 qud
696 814 820 873 tenditis
835 814 847 871 i
867 814 972 891 inquit.

241 914 302 983 Qui
316 934 414 993 genus
428 914 439 970 ?
459 912 539 971 unde
553 909 665 969 domo?
686 928 830 988 pacemne
846 910 904 968 huc
918 910 1013 983 tertie,
1029 928 1069 969 ιιιι
1082 906 1191 969 emisi

238 1008 318 1067 Tum
334 1017 419 1086 putei·
431 1007 552 1066 AEnees
566 1006 656 1085 puppi
669 1006 713 1063 sic
727 1006 807 1063 satur
821 1006 859 1062 eb
874 1002 946 1077 sitsi,
1176 1003 1231 1062 115

239 1102 450 1178 Paciferaeque
464 1118 554 1158 mnnu
569 1118 683 1157 remum
696 1099 853 1177 praetendit
867 1100 974 1157 oiivie:

239 1198 432 1274 Trojugenes
447 1216 483 1254 ue
496 1197 559 1254 tels
572 1196 656 1253 vides
671 1196 790 1253 inimice
803 1193 931 1266 Latinis,

225 1290 327 1359 'Quos
341 1291 385 1349 illi
399 1290 476 1349 bello
490 1290 634 1368 profugos
646 1287 739 1367 egino
754 1292 893 1367 superbo.

239 1384 413 1443 Evandrum
428 1384 563 1461 petimus.
606 1382 789 1453 Fortenses,
806 1390 836 1440 et
850 1381 939 1440 dicite
954 1382 1050 1441 leutos

238 1478 404 1537 Dardeniae
418 1478 536 1535 venisse
551 1478 655 1549 dueee,
671 1478 757 1535 socie
770 1494 854 1535 erma
867 1484 1019 1553 rogantes.
1176 1473 1232 1531 120
1349 1496 1357 1515 ·

240 1572 402 1649 Obstupuit
415 1578 500 1629 tento
513 1589 676 1648 percussus
689 1571 808 1627 nornine
822 1569 924 1632 Pelles
940 1588 948 1625 ι

240 1665 409 1744 Egredere‚
425 1686 443 1724 o
458 1666 638 1741 quicumque
652 1656 696 1735 ds,
714 1664 765 1734 eit,
782 1664 945 1739 eorquue
960 1668 1115 1739 parentem

239 1758 414 1835 Alloquere,
431 1778 467 1815 ee
482 1757 592 1816 nostris
607 1756 738 1815 succede
751 1756 916 1815 Penatibus
930 1757 1048 1832 hospes.

184 1848 187 1853 ¹
239 1854 430 1932 Excepitque
444 1873 544 1925 menu,
561 1853 757 1929 dextrumque
772 1852 927 1929 amplexus
942 1849 1068 1910 inhaesit.

237 1946 399 2026 Progressi
414 1949 542 2005 subeunt
556 1947 635 2018 inco,
652 1946 834 2022 fluviumque
850 1946 1029 2021 relinquunt.
1175 1942 1230 2002 125

277 2042 357 2099 Tum
370 2060 474 2119 regem
487 2040 607 2099 AEnees
621 2040 708 2098 dietis
722 2040 831 2097 effatur
845 2039 948 2097 enticis
964 2056 971 2095 :

238 2135 358 2212 Optime
372 2132 590 2212 Graiugenum,
605 2134 655 2192 eui
669 2152 716 2191 me
730 2132 866 2191 Fortuna
882 2132 1008 2209 precari,

238 2229 279 2288 Et
293 2226 367 2286 vius
381 2236 514 2305 comptus
528 2228 621 2285 votuit
635 2227 821 2305 praetendere
835 2244 946 2297 ramos,

239 2322 307 2381 Nun
322 2317 463 2398 equidem
476 2320 609 2392 extimui,
625 2319 766 2379 Denedm
782 2320 861 2397 qudd
875 2320 982 2377 ductor
995 2325 1025 2378 et
1038 2320 1148 2392 Αιοιιι,

239 2414 391 2492 Quidque
406 2417 443 2473 eb
457 2414 550 2492 stirpe
563 2416 643 2472 fores
657 2415 784 2493 geminis
800 2414 979 2489 conjunctus
991 2413 1105 2474 Atridis
1118 2432 1127 2485 ς
1174 2414 1230 2474 1³0

239 2509 299 2567 Sed
313 2528 381 2567 mea
394 2528 444 2567 me
456 2508 560 2580 virtus,
577 2516 606 2567 et
620 2516 727 2566 sancte
744 2507 867 2565 oracula
881 2504 990 2579 divum,
1239 2508 1243 2517 '

240 2602 432 2681 cognatique
447 2611 559 2680 putres,
574 2612 628 2660 tue
640 2602 729 2659 terris
742 2601 835 2658 didite
849 2601 938 2673 seme,

241 2694 434 2773 Conjunxire
448 2696 512 2767 tibi,
529 2705 558 2754 et
574 2697 641 2754 setis
655 2694 748 2774 egire
762 2696 919 2753 volentem.

238 2789 420 2861 Dardanus,
431 2789 532 2848 Itiecae
548 2790 659 2868 primus
673 2798 760 2867 peter
773 2789 856 2847 urbis
871 2797 900 2846 et
915 2796 1029 2863 auctor,

239 2882 375 2954 Electri,
393 2891 424 2941 ut
438 2882 523 2941 Graii
539 2884 705 2961 perhibent,
722 2882 874 2940 Atlantide
890 2889 1002 2954 cretus,

240 2978 407 3038 Advehitur
419 2979 557 3037 Teucros
570 2997 578 3035 τ
599 2978 754 3036 Electrum
767 2978 912 3036 maximus
925 2977 1012 3035 Atlas

240 3071 352 3144 Edidit,
370 3074 508 3132 aetherioe
522 3074 647 3131 humero
662 3072 712 3149 qui
725 3072 852 3130 sustinet
866 3073 964 3131 orbes.

240 3166 336 3224 Vobis
349 3166 521 3225 Mercurius
535 3175 621 3244 peter
634 3175 691 3238 est,
708 3185 796 3241 quem
811 3165 940 3223 candide
953 3164 1039 3224 Meis

241 3259 378 3337 Cylleuae
393 3260 492 3339 gelido
507 3269 684 3337 conceptum
698 3260 810 3317 vertice
826 3258 900 3317 fudit
914 3278 922 3329 ;

240 3356 281 3411 At
294 3354 418 3425 Maiam,
437 3353 543 3411 auditis
558 3353 583 3410 si
599 3352 759 3429 quidquem
774 3352 935 3423 credimus,
953 3353 1051 3427 Atlas,
1112 3368 1116 3375 '

241 3446 325 3504 Idem
339 3447 425 3505 Atlas
439 3454 575 3525 generet,
592 3446 663 3505 eoeli
678 3446 728 3523 qui
742 3446 843 3504 sidere
855 3446 941 3505 tollit.

242 3540 293 3598 Sic
307 3561 403 3618 genus
417 3543 570 3599 amborum
584 3540 692 3598 scindit
705 3560 739 3598 ee
754 3540 901 3618 sanguine
917 3540 954 3596 eb
970 3557 1039 3599 uno.

242 3632 302 3691 His
316 3634 419 3705 fretus,
435 3654 493 3692 non
509 3634 634 3712 legatos,
651 3652 750 3711 neque
765 3634 861 3711 prime
875 3640 1038 3711 perditem

241 3726 442 3786 Tentemente
453 3727 498 3786 tui
512 3728 631 3806 pepigi:
655 3747 713 3799 me,
729 3747 776 3786 me
790 3728 865 3805 ipse,
882 3744 1041 3803 meumque

240 3820 350 3897 Objeci
363 3830 464 3900 ceput,
480 3830 509 3880 et
525 3822 650 3901 supplex
664 3822 702 3879 ud
715 3822 819 3880 limina
832 3822 911 3879 veni.

241 3914 325 3973 Gens
338 3915 454 3987 eedem,
471 3934 538 3993 que
551 3924 593 3987 te,
609 3914 724 3973 erudeli
737 3913 860 3972 Daunia
874 3913 952 3971 helio

241 4006 412 4084 Insequitur
429 4030 436 4066 :
458 4030 513 4068 nos
527 4010 552 4067 si
567 4009 688 4087 pellent,
705 4008 776 4065 nihii
791 4008 895 4064 ebfore
909 4006 1034 4067 credunt

242 4100 324 4169 Quin
337 4122 454 4160 omnem
465 4102 647 4180 Hesperium
663 4100 778 4179 penitus
792 4120 848 4158 sue
862 4102 917 4158 sub
932 4101 1008 4179 juge
1020 4102 1146 4177 mittunt,

239 4193 280 4253 Et
294 4215 377 4253 mere
392 4195 470 4271 quod
484 4196 577 4273 suprd
588 4203 721 4267 teneant,
738 4195 876 4272 quodque
893 4196 975 4254 elluit
989 4196 1074 4257 int'rd.

239 4290 354 4365 Accipe
368 4289 468 4366 deque
484 4290 579 4349 fidem„
625 4293 698 4348 Sunt
713 4289 799 4348 nobis
813 4290 900 4347 fortia
912 4290 991 4348 bello
1172 4294 1227 4352 150

238 4381 380 4456 Pectore,
396 4393 465 4443 sunt
479 4384 579 4458 enimi,
596 4393 625 4443 et
638 4386 730 4444 rebus
743 4393 880 4463 spectatu
889 4384 1039 4461 juventus.
