3167 5234
349 562 358 589 t
377 546 435 609 258
669 540 696 588 r.
715 542 882 589 vincturi
901 542 1073 611 Minonis

377 680 478 755 Atque
492 679 621 737 animum
633 679 738 756 patrie
750 681 867 741 strinxit
881 682 999 759 pietctis
1016 681 1125 759 intego.

376 773 456 832 Tum
469 774 513 831 sic
527 773 653 831 effatur:
1304 775 1363 835 295

379 867 516 945 Spondeo
530 867 621 945 digna
634 866 694 925 tuis
707 868 878 944 ingentibus
890 869 989 927 omnia
1001 868 1118 945 emptis.

352 1030 360 1041 ι
378 960 516 1037 Namque
531 961 587 1021 erit
601 961 659 1019 ista
671 961 741 1022 mihi
754 962 903 1038 genetrix,
918 980 1085 1037 nomenque
1099 960 1227 1021 Cret'tsae

378 1054 480 1112 Solum
494 1053 632 1126 defuerit,
648 1073 705 1113 nec
719 1063 836 1131 partum
848 1054 947 1133 gretia
959 1055 1047 1113 talem

379 1144 478 1204 Parva
491 1155 601 1207 manet,
643 1147 743 1206 Casus
756 1148 867 1205 sactum
882 1148 1060 1224 quicumque
1074 1154 1261 1225 sequuntur3

354 1260 358 1270 ’
376 1239 437 1299 Per
450 1248 541 1318 caput
553 1241 611 1299 hoc
620 1241 701 1315 juro,
717 1260 771 1317 per
785 1240 863 1317 quod
878 1249 962 1317 pater
977 1241 1045 1299 ante
1060 1241 1174 1299 solebat
1189 1260 1198 1311 ;
1301 1241 1360 1301 000

378 1333 456 1399 Qum
470 1335 523 1391 tibi
537 1335 679 1412 polliceor
693 1334 796 1392 reduci
809 1310 958 1409 rehusque
975 1334 1125 1405 secundis,

377 1426 456 1485 Haec
470 1428 575 1486 eadem
589 1428 734 1503 matrique
747 1436 807 1487 tuae
822 1428 985 1505 generique
1005 1429 1174 1485 manebunt.

378 1520 429 1578 Sic
442 1522 483 1579 ait
496 1521 707 1597 illacrymans:
729 1521 854 1579 humero
868 1521 954 1579 simul
968 1521 1048 1579 exuit
1063 1538 1166 1579 ensem

376 1613 533 1684 Auratum,
549 1612 625 1671 mirsi
639 1632 728 1689 quem
741 1612 855 1671 lecerat
869 1621 934 1671 arte
947 1612 1072 1689 Lycaon

376 1705 520 1777 Gnosius,
537 1716 627 1781 atque
640 1706 770 1764 habilem
783 1705 895 1784 vagind
909 1704 1027 1783 apthrat
1040 1704 1164 1765 eburnh.
1303 1706 1361 1764 ³05

376 1798 439 1857 Dat
453 1800 481 1857 N
484 1800 529 1857 iso
542 1799 720 1857 Mnestheus
734 1800 841 1877 pellem
854 1800 1061 1877 horrentisque
1075 1798 1172 1859 leonis

375 1894 511 1952 Exuvias
526 1912 534 1963 ;
559 1894 678 1971 galeam
692 1894 768 1951 lidus
783 1902 929 1971 permutet
944 1895 1056 1953 Aletes.

376 1986 525 2045 Protenus
538 1988 643 2046 armati
657 1988 797 2047 incedunt
813 2007 822 2058 ;
846 2007 921 2064 quos
934 1989 1028 2047 omnis
1042 1995 1148 2047 euntes

376 2079 542 2138 Primorum
555 2100 662 2141 manus
675 2082 712 2139 ad
727 2090 827 2158 portas
837 2082 1040 2158 juvenumque
1054 2098 1218 2157 senumque

375 2172 572 2249 Prosequitur
586 2175 670 2233 rotis.
711 2175 851 2233 Necnon
866 2182 895 2233 et
910 2174 1032 2251 pulcher
1048 2174 1141 2245 Iulus,
1301 2172 1361 2231 sto

375 2267 455 2323 Ante
470 2285 564 2325 annos
579 2268 767 2344 animumque
781 2288 891 2345 gerens
905 2286 1068 2343 curamque
1083 2267 1208 2338 virilem,

376 2358 473 2416 Multa
486 2360 562 2437 patri
576 2361 722 2438 portanda
735 2361 826 2419 dabat
839 2362 980 2420 mandata
995 2380 1003 2429 ;
1027 2360 1078 2418 sed
1093 2378 1175 2419 aures

322 2476 328 2486 ¹
376 2451 484 2510 Omnia
497 2453 679 2532 discerpunt,
695 2463 726 2513 et
738 2455 867 2513 nubibus
881 2454 963 2513 irritu
977 2454 1098 2513 donant.

413 2545 540 2624 Egressi
554 2556 695 2625 superant
709 2548 814 2618 fossas,
831 2549 987 2625 noctisque
1002 2567 1055 2625 per
1069 2546 1203 2605 umbram

376 2637 487 2698 Castra
500 2640 621 2699 inimica
635 2649 747 2717 petunt,
763 2642 863 2699 multis
875 2651 974 2700 temen
989 2639 1057 2699 ante
1071 2638 1164 2699 futuri
1302 2639 1360 2697 ³15

375 2732 484 2790 Exitio.
524 2733 642 2792 Passim
655 2754 758 2793 somno
772 2736 900 2811 vinoque
916 2755 967 2812 per
980 2735 1104 2794 herbam
1283 2765 1294 2797 l

376 2825 513 2904 Corpore
527 2827 594 2887 fusa
608 2828 717 2900 vident,
734 2839 868 2890 errectos
882 2830 979 2887 littore
993 2848 1111 2897 currus,

376 2919 459 2978 Inter
471 2921 536 2978 lora
549 2930 690 2997 rotasque
705 2923 795 2993 viros,
812 2924 897 2981 simul
912 2941 994 2981 arma
1004 2922 1120 2998 jacere,

374 3012 455 3070 Vina
467 3014 563 3073 simul.
605 3014 691 3073 Prior
704 3016 890 3092 Hyrtacides
903 3017 946 3073 sic
960 3034 1012 3073 ore
1025 3016 1144 3073 locutus
1157 3033 1164 3072 :

374 3107 519 3184 Euryale,
536 3108 704 3167 audendum
717 3109 823 3169 dextre
840 3129 846 3167 :
869 3129 948 3167 nunc
962 3110 1026 3187 ipsa
1040 3116 1126 3167 vocat
1140 3126 1199 3167 res.
1300 3108 1358 3167 820

374 3201 446 3260 Hto
460 3204 517 3261 iter
529 3212 576 3261 est
591 3221 598 3259 :
620 3211 664 3274 tu,
680 3223 717 3262 ne
733 3224 793 3280 qua
806 3224 910 3263 manus
924 3223 958 3261 se
972 3204 1107 3261 attollere
1122 3202 1208 3261 nobis

373 3297 403 3354 Α
415 3305 501 3374 tergo
515 3298 617 3375 possit,
632 3298 760 3369 custodi,
775 3306 806 3357 et
820 3299 942 3357 consule
957 3296 1057 3374 longe.

373 3388 453 3447 Haec
467 3410 525 3469 ego
537 3401 623 3449 vasta
635 3391 722 3464 dabo,
739 3401 770 3450 et
782 3393 844 3451 leto
857 3401 887 3450 te
900 3392 991 3449 limile
1007 3391 1123 3449 ducam.

374 3483 423 3540 Sic
438 3493 591 3556 memorat,
606 3504 770 3562 vocemque
785 3486 890 3563 premit
905 3504 912 3541 ε
935 3484 1021 3542 simul
1034 3502 1108 3541 ense
1119 3482 1283 3561 superbum

373 3576 571 3636 Rhamnetem
585 3580 766 3656 aggreditur,
783 3580 834 3655 qui
848 3579 923 3637 sorte
937 3577 1086 3656 tapetibus
1100 3576 1168 3635 altis
1299 3576 1357 3635 ffld
1460 3644 1463 3649 Ι
1548 3610 1549 3613 =

372 3670 552 3730 Exstructus
566 3680 627 3731 toto
641 3672 785 3749 proflabat
800 3682 921 3751 pectore
936 3690 1069 3729 somnum
1084 3690 1092 3740 ;
1548 3692 1549 3705 ¹

361 3763 440 3822 'Rex
455 3766 543 3835 idern,
557 3773 588 3823 et
600 3767 667 3844 regi
679 3766 784 3823 Turno
797 3766 984 3844 gratissimus
998 3784 1113 3843 augur:

373 3858 432 3915 Sed
446 3878 505 3916 non
519 3860 646 3936 augurio
659 3859 753 3936 potuit
765 3860 916 3937 depellere
932 3866 1053 3936 pestem.

372 3948 451 4009 Trea
463 3953 550 4028 juxta
563 3953 688 4011 famulos
701 3953 814 4011 temere
828 3954 906 4011 inter
918 3952 980 4011 tela
989 3952 1138 4028 jacentes,

371 4046 621 4121 Armigerumque
635 4047 724 4105 Remi
738 4048 853 4124 premit,
870 4046 1066 4124 aurigamque
1080 4046 1135 4103 suh
1149 4042 1222 4121 ipsis
1300 4042 1357 4101 3³0

372 4136 402 4195 N
404 4145 490 4195 actus
503 4140 598 4213 equis,
614 4140 753 4217 ferroque
767 4150 851 4199 secet
866 4139 1023 4218 pendentis
1037 4138 1124 4198 colla.

371 4228 450 4287 Tum
464 4239 553 4307 caput
567 4232 623 4309 ipsi
636 4232 735 4291 aufert
747 4234 874 4305 domino,
891 4242 1087 4309 truncumque
1102 4228 1243 4308 relinquit

372 4322 524 4400 Sanguine
538 4323 748 4401 singultantem
763 4344 771 4396 ;
797 4334 862 4385 atro
875 4324 1024 4404 tepefacta
1037 4343 1145 4388 cruore
