3167 5234
377 568 439 625 220
664 563 691 610 Ρ.
711 560 877 609 VIRGlLll
901 558 1072 607 MAROMS
1162 578 1164 583 ·

378 702 494 760 Aurum
507 700 613 779 ingens
626 699 751 757 coluber
765 718 773 769 ;
798 700 829 757 lit
843 699 941 777 louge
954 698 1045 757 ternis
1059 697 1150 769 vitm,

379 794 566 871 lnneetitque
581 812 692 863 eomes,
709 802 739 850 et
753 792 893 851 membris
907 791 1039 851 lubricus
1054 799 1145 851 erret.

377 888 425 945 Ae
439 887 508 945 dum
522 887 617 964 prims
628 887 694 944 lues
707 886 766 945 udo
779 887 922 963 sublspss
934 904 1051 944 veneno

376 980 532 1040 Pertentst
546 1001 663 1052 sensus,
681 989 769 1057 etque
785 981 902 1038 ossibus
916 980 1046 1058 implicet
1062 980 1170 1057 ignem,
1304 980 1363 1039 855

378 1074 516 1134 Necdum
529 1076 645 1133 enimus
658 1082 719 1133 toto
734 1074 866 1152 percepit
881 1082 1002 1151 pectore
1016 1072 1174 1143 flemmem,

378 1166 511 1239 Molliirs,
527 1177 556 1226 et
569 1169 657 1227 solito
671 1176 799 1225 metrum
812 1166 848 1224 de
861 1186 955 1239 more,
971 1168 1072 1225 loeute
1085 1172 1141 1237 est,

376 1260 475 1320 Multa
488 1262 579 1339 super‘
592 1259 665 1320 neti
677 1261 856 1338 lserymens,
872 1260 1071 1338 Phrygiisque
1086 1257 1248 1336 hymenoeis
1262 1276 1273 1315 τ’

416 1354 618 1412 Exsulibusne
632 1354 720 1412 detur
733 1353 871 1411 ducende
883 1352 1011 1411 Lavinis
1024 1352 1163 1423 Teucris,

377 1446 406 1506 Ο
419 1448 536 1525 genitor
548 1447 560 1503 1
579 1465 637 1506 nee
650 1456 680 1505 te
694 1447 816 1505 miseret
830 1452 979 1522 nstaeque,
996 1446 1097 1522 tuique
1112 1446 1123 1501 1
1303 1444 1362 1503 360

378 1540 445 1600 Nee
459 1541 561 1599 metris
574 1540 706 1612 miseret,
723 1538 921 1617 quamprimo
933 1540 1082 1615 Aquilone
1096 1538 1244 1615 relinquet

377 1633 525 1708 Perfidus,
543 1636 604 1693 ulte
619 1644 734 1714 petens,
750 1632 879 1694 abducta
893 1635 1019 1713 virgine,
1035 1633 1158 1711 praedoi

378 1729 419 1786 At
432 1748 491 1787 non
504 1729 548 1787 sie
562 1728 712 1806 Phrygius
725 1735 862 1805 penetret
874 1727 1095 1786 Lecedoemons
1107 1734 1217 1803 pastor,

377 1820 582 1898 Ledaeamque
596 1821 748 1880 Helenum
759 1821 910 1897 Trojsnss
924 1822 1002 1879 vexit
1018 1821 1055 1879 ed
1069 1823 1159 1879 urbes
1173 1820 1185 1877 1

378 1913 460 1982 Quid
473 1925 526 1973 tus
539 1924 644 1973 senete
656 1914 741 1985 fides,
758 1914 828 1993 quid
843 1933 917 1972 eure
931 1914 1053 1991 entique
1065 1922 1194 1984 tuorum,
1303 1912 1362 1971 866
1456 1944 1457 1949 1

378 2007 419 2067 Et
432 2009 657 2087 consanguineo
670 2009 759 2066 toties
773 2008 844 2067 dats
860 2008 985 2066 dexteru
996 2008 1100 2067 Turno
1115 2008 1126 2063 1

379 2102 411 2159 Si
424 2121 519 2179 gener
532 2100 658 2160 externi
671 2102 781 2179 petitur
793 2101 830 2159 de
845 2110 935 2180 gente
949 2100 1076 2173 Latinis,

378 2193 474 2271 ldqne
488 2194 582 2265 sedet,
598 2194 757 2271 Faunique
771 2203 907 2273 premunt
921 2203 951 2253 te
968 2195 1054 2271 jussa
1068 2194 1221 2272 perentis3

377 2286 504 2347 Omnem
517 2287 655 2365 equidem
669 2289 796 2367 sceptris
808 2296 928 2360 terrem,
947 2308 1013 2365 qnae
1028 2288 1123 2347 libers
1136 2288 1246 2348 nostris

377 2378 522 2453 Dissidet,
538 2388 693 2439 externum
705 2400 785 2453 reor,
802 2389 831 2439 et
846 2382 889 2440 sie
903 2382 1004 2440 dicere
1019 2381 1111 2441 divos.
1304 2382 1363 2439 870

377 2473 418 2532 Et
431 2474 546 2546 Turno,
561 2475 587 2532 si
600 2475 695 2552 prime
708 2463 812 2533 <lomus
826 2483 978 2557 repetetur
997 2475 1092 2553 origo,

378 2565 509 2625 Ineehus
522 2568 720 2644 Acrisiusque
735 2577 846 2645 pstres,
862 2568 1027 2645 mediisque
1042 2568 1190 2645 Mycenae.

416 2659 477 2718 His
491 2660 542 2718 ubi
556 2660 757 2737 nequidquam
770 2660 857 2719 dietis
871 2670 1003 2739 experte,
1019 2660 1161 2720 Batinum

379 2753 494 2815 Contrd
508 2764 589 2813 sture
604 2755 693 2827 videt,
710 2756 886 2833 penitusque
899 2757 927 2814 in
942 2756 1060 2814 viscere
1073 2758 1190 2835 lapsum

378 2848 531 2925 Serpentis
545 2847 650 2905 iuriele
665 2848 785 2919 melum,
801 2856 952 2925 totumque
966 2857 1102 2927 pererret
1115 2868 1124 2920 ;

377 2939 457 2998 Tum
471 2940 540 2998 verd
555 2940 667 3012 infelix,
684 2941 853 3019 ingentibus
867 2944 966 3001 exeita
979 2943 1127 3015 monstris,

378 3032 555 3091 Immenssm
568 3033 633 3091 sine
647 3052 729 3092 more
743 3035 813 3093 furit
826 3036 977 3114 lymphata
992 3056 1046 3115 per
1059 3038 1163 3095 urbem
1176 3054 1184 3093 ε

378 3123 446 3186 Ceu
461 3125 608 3202 quendem
621 3134 698 3184 totto
712 3128 838 3186 volitans
852 3132 907 3187 sub
922 3132 1047 3189 verbere
1061 3129 1163 3202 turbo,

378 3217 478 3299 Quem
491 3220 575 3296 pueri
589 3238 695 3298 magno
710 3220 741 3279 in
754 3239 830 3299 gyro
844 3241 942 3281 verus
955 3224 1031 3281 stris
1053 3224 1165 3282 oireum

376 3310 487 3370 intenti
501 3312 571 3371 ludo
584 3321 726 3372 exercent
740 3333 748 3384 ;
772 3316 821 3373 ille
837 3324 922 3374 uetus
936 3316 1056 3375 hebeni

377 3402 520 3463 Curretis
534 3405 628 3463 fertur
641 3406 744 3484 spatiis
759 3427 767 3464 :
789 3416 888 3487 stupet
903 3410 998 3467 inscie
1012 3410 1104 3487 suprd

377 3496 575 3575 Impubesque
590 3518 706 3571 manus,
721 3502 828 3559 miratu
843 3503 971 3560 volubile
991 3504 1123 3562 buxum:

375 3590 457 3649 Dant
470 3592 584 3650 animos
598 3592 703 3671 plsgae.
746 3594 816 3653 Non
830 3614 920 3653 eursu
934 3596 1055 3675 segnior
1069 3597 1118 3655 illo

375 3683 436 3742 Per
448 3684 561 3742 medies
575 3688 665 3743 urbes
680 3686 788 3764 egitur,
807 3689 988 3766 populosque
1004 3689 1130 3749 feroces.

375 3776 457 3844 Quin
471 3778 561 3836 etiem
573 3778 603 3836 in
617 3779 718 3852 silves,
735 3781 872 3839 simulato
885 3782 1004 3841 numine
1019 3782 1143 3855 Bseehi,

375 3868 474 3947 Mejus
488 3857 591 3929 edorte
605 3874 699 3945 nefus,
716 3874 919 3951 majoremque
935 3895 1005 3934 orsu
1019 3876 1160 3950 furorem,

374 3962 483 4022 Euolet
498 3983 506 4033 ;
530 3972 560 4022 et
574 3974 674 4024 netum
687 3966 834 4026 frondosis
848 3970 996 4028 montibus
1010 3970 1091 4029 ebdit
1105 3990 1113 4041 3

375 4053 444 4121 Quo
459 4055 620 4117 thalamum
634 4060 739 4137 eripiet
752 4061 891 4135 Teneris,
907 4063 1061 4141 taedesque
1076 4072 1227 4124 moretur:

373 4147 454 4205 Eum
466 4148 599 4222 Bacche,
615 4151 755 4225 fremens,
772 4156 867 4214 solum
880 4167 909 4214 te
925 4158 1039 4235 virgine
1054 4157 1187 4235 dignum,

317 4292 321 4299 ,
373 4238 573 4300 vociferans:
596 4248 706 4306 etenim
721 4249 824 4307 molles
837 4250 889 4308 tibi
904 4270 1020 4309 sumere
1035 4252 1166 4328 thyrsos,

373 4333 419 4392 Te
433 4335 561 4393 lustrare
576 4338 678 4412 choro,
695 4360 814 4400 sectum
828 4344 880 4402 tibi
895 4364 1021 4422 pascere
1035 4346 1158 4405 crinem.
