3167 5234
333 549 368 608 η
615 541 643 590 r.
662 541 828 592 vrnusun
852 541 1024 592 ursonis

682 809 876 877 ECLOGA
899 809 965 875 111.

728 971 919 1023 runnuou.

736 1135 913 1178 MERUM&

332 1241 394 1302 Drc
409 1240 490 1314 mihi,
505 1240 659 1313 Demoete,
675 1240 775 1318 cujum
789 1259 883 1319 pecus
899 1240 910 1297 ?
931 1260 971 1300 sn
983 1239 1120 1300 Meliboei
1135 1239 1147 1296 t

741 1417 906 1458 DAMOETAS·

334 1523 413 1596 Non,
428 1521 532 1582 verum
544 1521 678 1599 AEgonis
693 1539 700 1579 ε
723 1540 817 1598 nuper
830 1521 900 1580 mihi
913 1519 1034 1579 tradidit
1045 1519 1161 1597 AEgcn.

655 1663 658 1668 Ι
737 1696 914 1738 MRMLGAS.

334 1801 441 1862 Infelix
455 1822 473 1860 ο
487 1821 615 1880 semper,
630 1819 713 1874 oves,
729 1821 822 1879 pecus
839 1805 845 1859 !
867 1801 931 1878 ipss
944 1800 973 1859 N
975 1817 1085 1859 euram

333 1897 416 1957 Dum
430 1897 519 1970 fovet,
535 1915 582 1968 cc,
599 1915 636 1955 ne
650 1915 697 1955 me
711 1896 767 1954 sibi
782 1896 921 1974 presserat
935 1896 997 1966 itte,
1012 1900 1145 1966 veretur,

334 1989 398 2050 Hic
412 1991 527 2049 alienus
541 2009 612 2049 oves
626 1998 728 2048 custos
742 1990 787 2048 bis
801 1989 913 2068 mulget
927 1989 958 2047 in
971 1985 1069 2048 hurd:
1300 1985 1321 2043 d

334 2083 376 2143 Et
389 2103 499 2144 succus
513 2083 625 2162 pecori,
642 2091 672 2142 et
685 2083 733 2142 lec
743 2083 919 2143 subducitur
931 2083 1027 2162 agnis.

747 2259 912 2300 numm.

335 2363 463 2424 Perciirs
475 2363 534 2423 iste
547 2363 618 2422 viris
630 2370 731 2423 temen
745 2364 913 2442 objicienda
926 2371 1083 2424 memento.

336 2457 482 2518 Novimus
495 2465 525 2516 et
539 2457 633 2534 quite
648 2502 655 2517 .
673 2495 681 2514 .
696 2501 704 2518 .
719 2465 892 2518 treusversn
905 2459 1057 2517 tuentibus
1070 2457 1172 2530 hircis,

335 2551 377 2611 Et
391 2570 461 2628 quo,
476 2549 530 2636 sed
543 2549 648 2610 faciles
661 2551 690 2610 N
692 2552 809 2629 ymphae
824 2550 930 2625 risdre,
945 2552 1067 2612 sacello.

740 2726 917 2769 MBMLCAS.

336 2829 426 2904 Turn,
443 2828 543 2903 credo,
560 2848 651 2908 quum
663 2848 711 2888 me
726 2831 880 2890 arbustum
893 2829 996 2891 videre
1008 2829 1140 2891 Miconis
1287 2831 1324 2892 10

337 2925 437 3003 Atque
451 2923 531 2983 mett
543 2923 619 2984 vites
633 2923 764 3008 iupidere
779 2924 857 2983 falce
871 2925 1015 2985 novellus.

625 3157 628 3166 A
750 3100 916 3143 numurus.
988 3090 992 3097 ’

337 3205 400 3264 Aut
412 3203 462 3264 hic
477 3204 515 3264 ud
528 3212 647 3264 veteres
660 3205 756 3284 suges,
773 3225 865 3282 quum
881 3204 1050 3284 Daphnidis
1064 3223 1168 3266 arcum

337 3297 470 3378 Fregisti
484 3306 514 3357 et
527 3299 658 3358 celnmos
672 3317 680 3369 ;
704 3318 771 3375 quoe
785 3307 829 3372 tu,
845 3318 986 3378 perverse
1000 3297 1157 3373 Menalca,

337 3391 389 3465 Et,
407 3412 497 3469 quum
510 3392 609 3452 vidisti
622 3411 715 3470 puero
729 3391 849 3465 donata,
865 3393 989 3452 dolebas
1003 3411 1012 3463 ;

337 3485 390 3559 Et,
406 3486 432 3545 si
445 3505 504 3545 non
518 3485 619 3564 aliqud
632 3486 796 3558 nocuisses,
812 3493 947 3548 mortuus
960 3505 1053 3546 esses.
1289 3486 1326 3548 ld

673 3623 680 3638 i
744 3662 920 3704 munsture.

340 3767 421 3836 Quid
435 3767 545 3828 domini
555 3768 678 3841 sacient,
694 3766 807 3827 nudent
821 3787 912 3844 quum
925 3767 999 3827 tulin
1011 3767 1094 3827 sures
1109 3766 1122 3824 1

339 3860 409 3921 Non
423 3881 481 3940 ego
493 3869 524 3921 te
538 3862 598 3922 vidi
610 3861 767 3934 Damonis,
784 3862 923 3940 pessime,
938 3880 1061 3940 caprum

339 3953 489 4032 Excipere
503 3954 626 4027 insidiis,
642 3955 765 4014 multiun
779 3955 908 4014 intrante
921 3953 1055 4032 Lycisci
1068 3955 1080 4012 ?

339 4047 381 4107 Et
396 4065 486 4125 quum
500 4047 670 4119 clamarem,
689 4047 793 4116 “Qud
809 4068 888 4107 nunc
901 4067 935 4107 se
950 4049 1072 4126 proripit
1085 4049 1135 4108 ille
1150 4048 1162 4106 1

340 4139 457 4220 Tityre,
473 4159 548 4221 coge
563 4143 676 4221 pecus!
690 4141 710 4170 ''
729 4148 761 4200 tu
776 4150 842 4220 post
855 4153 979 4201 carecta
990 4142 1116 4203 lutebas.
1286 4143 1327 4201 20

750 4318 915 4360 numne.

341 4427 391 4486 Au
404 4425 485 4498 mihi,
501 4424 650 4484 canterdo
663 4425 771 4498 victus,
786 4443 847 4483 non
859 4424 999 4484 redderet
1011 4424 1072 4498 ille,
