3167 5234
527 540 747 589 GBORGICON
767 486 837 589 Llll.
852 540 871 588 1.

205 681 298 756 Quid,
313 680 376 759 qui,
391 700 430 739 ne
444 680 578 762 gravidis
591 683 766 759 procumbat
780 681 898 741 culmus
911 678 1019 751 aristis,

202 775 368 837 Luxuriem
379 782 519 854 segetum
530 774 635 834 tanard
650 774 785 853 depascit
799 776 830 833 in
844 772 949 846 heros,

205 871 447 951 Quamprimum
459 871 560 929 sulcos
574 879 694 948 equant
708 879 774 930 seta
789 871 801 927 l
824 871 934 947 quique
948 867 1063 949 paludis

205 969 377 1030 collectum
389 968 545 1027 humorem
557 965 662 1026 bibuli
674 966 794 1025 deducit
810 965 905 1027 areni
919 966 930 1023 l

203 1062 378 1123 Prtesertim
390 1061 513 1121 incertis
527 1061 553 1120 si
566 1061 719 1121 mensibus
732 1060 828 1119 amnis
841 1058 997 1119 abundans
1139 1062 1194 1119 115

203 1156 285 1227 Exit,
301 1163 331 1214 ct
345 1153 476 1214 obducto
489 1154 549 1213 lete
562 1163 646 1213 tenet
659 1156 758 1214 omnia
770 1154 852 1226 limo,

203 1248 291 1307 Unde
305 1267 390 1308 cera
402 1248 504 1326 tepido
518 1248 627 1307 sudant
640 1248 764 1308 humore
778 1248 905 1306 lacuum.

241 1343 271 1402 N
273 1362 311 1401 ec
319 1354 431 1414 tamen,
444 1342 510 1400 baec
521 1360 612 1419 quum
622 1341 680 1400 sint
691 1338 902 1418 hominiumque
913 1342 1063 1419 boumque
1075 1340 1194 1400 labores

203 1435 362 1495 Versando
375 1444 489 1495 terram
501 1435 626 1512 experti,
642 1435 714 1494 nibil
729 1436 880 1512 improbus
895 1454 995 1507 anser,

204 1530 443 1607 Strymoniaeque
457 1547 560 1607 grues,
576 1536 606 1586 et
621 1528 730 1587 ameris
744 1528 848 1586 intuba
863 1529 955 1599 tibris,
1139 1529 1195 1587 tto

203 1622 358 1694 officiunt,
373 1630 426 1681 eut
440 1624 546 1681 umbra
559 1632 657 1682 nocet.
699 1622 793 1681 Pater
807 1622 870 1699 ipse
884 1621 1003 1681 colendi
1115 1622 1119 1631 ’

203 1714 298 1775 Haud
311 1716 431 1776 facilem
444 1736 513 1775 esse
528 1716 606 1774 viem
620 1716 711 1776 voluit
727 1735 735 1786 ;
759 1716 931 1793 primusque
945 1734 999 1794 per
1013 1722 1109 1775 amem

203 1808 297 1869 Movit
311 1830 413 1889 agros,
427 1810 509 1869 curis
523 1828 637 1869 acuens
650 1810 788 1869 mortalia
801 1810 893 1869 corda
909 1828 917 1880 ;

203 1902 233 1963 N
233 1923 271 1963 ec
283 1915 403 1981 torpore
417 1904 504 1983 gravi
518 1922 624 1983 passus
637 1922 692 1962 sua
705 1922 801 1983 regna
815 1912 948 1963 veterno.

239 1998 321 2056 Anto
334 1997 444 2056 Jorem
456 1998 530 2055 nulli
543 1996 722 2075 subigebant
737 2016 810 2055 arva
824 1997 922 2055 coloni
938 2016 946 2067 ;
1137 1999 1194 2057 125

202 2088 251 2150 Ne
264 2091 388 2169 signare
402 2091 523 2168 quidem
538 2097 589 2149 aut
605 2091 709 2168 partiri
722 2091 815 2149 limite
830 2110 968 2168 campum

201 2183 265 2243 Fas
278 2192 366 2255 erat3
390 2184 421 2242 in
439 2184 568 2243 medium
583 2186 757 2261 quaerebant
774 2205 782 2255 ;
807 2185 932 2263 ipsaque
945 2184 1035 2244 tellus

202 2277 311 2337 Omnia
330 2278 465 2350 libarius,
482 2278 565 2337 nullo
578 2286 733 2357 poscente,
748 2279 874 2338 ferebat.

203 2371 257 2430 llle
277 2372 390 2431 melum
404 2372 485 2431 virus
499 2372 688 2450 serpentibus
702 2371 813 2431 eddidit
831 2373 914 2445 atris,

201 2462 398 2543 Praedarique
410 2466 497 2543 lupos
513 2465 614 2542 jussit,
630 2474 811 2543 pontumque
825 2465 949 2537 moveri,

201 2558 362 2637 Melleque
375 2559 508 2620 decussit
522 2560 610 2633 soliis,
626 2560 786 2639 ignemque
802 2560 937 2633 removit,

200 2652 241 2713 Et
255 2654 367 2732 passim
381 2654 454 2713 rivis
467 2654 621 2714 currentia
633 2654 703 2712 vina
720 2654 864 2731 repressit
878 2672 885 2711 ε

200 2746 240 2805 Ut
254 2748 355 2806 serias
368 2766 442 2806 usus
455 2747 625 2806 meditando
638 2747 815 2807 extunderet
834 2756 915 2807 artes

199 2839 361 2913 Paulatim,
378 2849 407 2899 et
420 2841 514 2899 sulcis
527 2841 666 2901 frumenti
680 2850 830 2919 quaereret
843 2842 967 2901 berbam
982 2860 990 2914 3

200 2933 240 2993 Ut
251 2935 347 2994 silicis
360 2935 446 2994 venis
460 2937 630 2994 abstrusum
643 2936 807 2995 excuderet
823 2935 932 3014 ignem.

199 3026 288 3087 Tunc
301 3030 388 3088 alnos
401 3028 527 3108 primum
541 3029 624 3088 fluvii
639 3028 762 3089 sensere
777 3040 901 3089 cavatas
917 3050 925 3101 ;

200 3120 312 3181 Navita
324 3130 389 3181 turn
402 3121 498 3181 stellis
512 3142 653 3182 numeros
666 3132 697 3181 et
711 3125 831 3183 nomina
845 3124 926 3197 lecit,

199 3213 352 3288 Pleiadas,
368 3215 507 3294 Hyadas,
522 3217 695 3294 clerumque
709 3218 862 3295 Lycaonia
876 3219 1000 3279 Arcton.

199 3305 279 3367 Turn
297 3310 417 3386 laqueis
435 3318 559 3388 captare
572 3310 665 3383 seras,
681 3320 712 3370 et
725 3312 830 3371 fallere
845 3312 937 3383 visco,

199 3400 369 3475 Inventum,
385 3412 415 3463 et
429 3423 554 3482 magnos
568 3405 694 3464 canibus
707 3405 896 3465 circumdare
911 3406 1005 3465 saltus
1021 3426 1030 3478 ;

197 3495 301 3573 Atque
316 3498 392 3556 alius
405 3498 500 3557 latum
513 3497 606 3557 fundi
621 3500 686 3575 jam
699 3501 837 3558 verberat
852 3518 980 3573 amnem,

197 3588 273 3649 Alta
287 3598 391 3667 petens
405 3611 414 3663 ;
438 3592 607 3671 pelagoque
622 3593 699 3653 alius
711 3593 803 3652 trehit
817 3594 938 3653 humide
950 3594 1020 3655 lina.

197 3681 280 3741 Tum
292 3684 364 3743 ferri
377 3685 471 3765 rigor,
488 3695 578 3763 atque
593 3695 709 3765 arguta
723 3687 835 3746 lamina
849 3708 953 3761 serre,

199 3775 244 3853 (N
246 3796 295 3836 am
308 3779 394 3856 primi
406 3781 512 3840 cuneis
525 3781 702 3841 scindebant
716 3782 808 3841 fissile
823 3782 952 3862 lignum)

196 3870 276 3934 Tum
290 3875 383 3935 verim
397 3874 509 3937 venire
523 3887 614 3937 artes.
655 3878 759 3938 Labor
772 3880 872 3937 omnia
884 3878 956 3937 vicit

196 3964 368 4045 Improbus‚
384 3978 414 4029 et
427 3969 510 4029 duris
524 3991 637 4052 urgens
651 3973 681 4031 in
695 3973 786 4031 rebus
800 3982 931 4051 egestas.

236 4060 341 4121 Prima
354 4061 452 4123 Ceres
466 4064 546 4125 ferro
559 4067 702 4125 mortales
715 4074 834 4125 vertere
854 4074 965 4127 terram

194 4152 331 4215 Instituit
346 4176 355 4227 ;
382 4177 474 4235 quum
490 4159 554 4237 jam
567 4159 694 4239 glandes
708 4168 799 4238 atque
815 4161 921 4221 arbuta
934 4180 1030 4223 sacrae

194 4246 375 4310 Deficerent
389 4252 483 4326 silrae,
499 4262 530 4313 et
544 4254 655 4314 victum
667 4254 798 4314 Dodona
811 4264 950 4337 negaret.

193 4340 268 4404 Mox
281 4353 314 4405 et
327 4344 485 4407 humentis
498 4347 584 4408 labor
597 4348 715 4408 additus
728 4368 737 4421 ;
760 4357 791 4409 ut
807 4350 885 4409 mala
899 4350 1014 4410 culmos
1134 4354 1189 4411 150

495 4445 518 4501 4
