<?xml version="1.0" encoding="UTF-8"?>
<!DOCTYPE html PUBLIC "-//W3C//DTD XHTML 1.0 Transitional//EN"
    "http://www.w3.org/TR/xhtml1/DTD/xhtml1-transitional.dtd">
<html xmlns="http://www.w3.org/1999/xhtml" xml:lang="en" lang="en">
 <head>
  <title>
</title>
<meta http-equiv="Content-Type" content="text/html;charset=utf-8" />
  <meta name='ocr-system' content='tesseract 3.04.00' />
  <meta name='ocr-capabilities' content='ocr_page ocr_carea ocr_par ocr_line ocrx_word'/>
</head>
<body>
  <div class='ocr_page' id='page_1' title='image "./pvirgiliimaroni01bowegoog/pvirgiliimaroni01bowegoog_0240.png"; bbox 0 0 3167 5234; ppageno 0'>
   <div class='ocr_carea' id='block_1_1' title="bbox 362 488 1054 553">
    <p class='ocr_par' dir='ltr' id='par_1_1' title="bbox 362 488 1054 553">
     <span class='ocr_line' id='line_1_1' title="bbox 362 488 1054 553; baseline -0.006 -14"><span class='ocrx_word' id='word_1_1' title='bbox 362 494 421 553; x_wconf 61' lang='lat' dir='ltr'><strong>m</strong></span> <span class='ocrx_word' id='word_1_2' title='bbox 628 488 675 537; x_wconf 71' lang='lat' dir='ltr'><strong>r.</strong></span> <span class='ocrx_word' id='word_1_3' title='bbox 692 488 861 537; x_wconf 80' lang='lat' dir='ltr'><strong>ursoruu</strong></span> <span class='ocrx_word' id='word_1_4' title='bbox 881 488 1054 537; x_wconf 75' lang='lat' dir='ltr'><strong>ursorus</strong></span> 
     </span>
    </p>
   </div>
   <div class='ocr_carea' id='block_1_2' title="bbox 360 624 1226 1729">
    <p class='ocr_par' dir='ltr' id='par_1_2' title="bbox 360 624 1226 1729">
     <span class='ocr_line' id='line_1_2' title="bbox 361 624 1124 705; baseline -0.003 -18"><span class='ocrx_word' id='word_1_5' title='bbox 361 626 481 687; x_wconf 85' lang='lat' dir='ltr'><strong>Limina</strong></span> <span class='ocrx_word' id='word_1_6' title='bbox 493 626 694 705; x_wconf 71' lang='lat' dir='ltr'><strong>nequidquam</strong></span> <span class='ocrx_word' id='word_1_7' title='bbox 709 646 718 699; x_wconf 69' lang='grc' dir='ltr'><strong><em>ς</em></strong></span> <span class='ocrx_word' id='word_1_8' title='bbox 739 636 786 687; x_wconf 90' lang='lat' dir='ltr'><strong>ter</strong></span> <span class='ocrx_word' id='word_1_9' title='bbox 799 628 897 687; x_wconf 79' lang='lat' dir='ltr'><strong>sessus</strong></span> <span class='ocrx_word' id='word_1_10' title='bbox 911 628 988 687; x_wconf 86' lang='lat' dir='ltr'><strong>valle</strong></span> <span class='ocrx_word' id='word_1_11' title='bbox 1003 624 1124 687; x_wconf 83' lang='lat' dir='ltr'><strong>resedit.</strong></span> 
     </span>
     <span class='ocr_line' id='line_1_3' title="bbox 363 720 1065 798; baseline -0.001 -18"><span class='ocrx_word' id='word_1_12' title='bbox 363 722 468 781; x_wconf 84' lang='lat' dir='ltr'><strong>Stabat</strong></span> <span class='ocrx_word' id='word_1_13' title='bbox 482 728 572 779; x_wconf 85' lang='lat' dir='ltr'><strong>acute</strong></span> <span class='ocrx_word' id='word_1_14' title='bbox 583 720 668 792; x_wconf 85' lang='lat' dir='ltr'><strong>silex,</strong></span> <span class='ocrx_word' id='word_1_15' title='bbox 684 721 815 798; x_wconf 67' lang='lat' dir='ltr'><strong>precisis</strong></span> <span class='ocrx_word' id='word_1_16' title='bbox 829 720 959 798; x_wconf 87' lang='lat' dir='ltr'><strong>undique</strong></span> <span class='ocrx_word' id='word_1_17' title='bbox 972 720 1065 791; x_wconf 80' lang='lat' dir='ltr'><strong>saxis,</strong></span> 
     </span>
     <span class='ocr_line' id='line_1_4' title="bbox 363 813 1053 893; baseline -0.004 -20"><span class='ocrx_word' id='word_1_18' title='bbox 363 814 521 893; x_wconf 81' lang='lat' dir='ltr'><strong>Speluncm</strong></span> <span class='ocrx_word' id='word_1_19' title='bbox 533 813 623 872; x_wconf 89' lang='lat' dir='ltr'><strong>dorso</strong></span> <span class='ocrx_word' id='word_1_20' title='bbox 636 814 805 891; x_wconf 73' lang='lat' dir='ltr'>insurgens,</span> <span class='ocrx_word' id='word_1_21' title='bbox 821 814 963 873; x_wconf 82' lang='lat' dir='ltr'><strong>altissime</strong></span> <span class='ocrx_word' id='word_1_22' title='bbox 976 813 1053 885; x_wconf 81' lang='lat' dir='ltr'><strong>visu,</strong></span> 
     </span>
     <span class='ocr_line' id='line_1_5' title="bbox 361 906 1066 985; baseline -0.007 -18"><span class='ocrx_word' id='word_1_23' title='bbox 361 907 506 967; x_wconf 84' lang='lat' dir='ltr'><strong>Dirarum</strong></span> <span class='ocrx_word' id='word_1_24' title='bbox 519 907 596 966; x_wconf 88' lang='lat' dir='ltr'><strong>nidis</strong></span> <span class='ocrx_word' id='word_1_25' title='bbox 607 906 715 966; x_wconf 82' lang='lat' dir='ltr'><strong>doums</strong></span> <span class='ocrx_word' id='word_1_26' title='bbox 728 916 893 985; x_wconf 78' lang='lat' dir='ltr'><strong>opportune</strong></span> <span class='ocrx_word' id='word_1_27' title='bbox 905 908 1066 965; x_wconf 86' lang='lat' dir='ltr'><strong>volucrum.</strong></span> 
     </span>
     <span class='ocr_line' id='line_1_6' title="bbox 362 998 1226 1078; baseline -0.002 -19"><span class='ocrx_word' id='word_1_28' title='bbox 362 999 465 1072; x_wconf 82' lang='lat' dir='ltr'><strong>Hanc,</strong></span> <span class='ocrx_word' id='word_1_29' title='bbox 479 1008 511 1058; x_wconf 95' lang='lat' dir='ltr'><strong>ut</strong></span> <span class='ocrx_word' id='word_1_30' title='bbox 524 1019 619 1078; x_wconf 88' lang='lat' dir='ltr'><strong>prona</strong></span> <span class='ocrx_word' id='word_1_31' title='bbox 632 1000 708 1078; x_wconf 80' lang='lat' dir='ltr'><strong>jugo</strong></span> <span class='ocrx_word' id='word_1_32' title='bbox 720 1000 830 1059; x_wconf 79' lang='lat' dir='ltr'><strong>levum</strong></span> <span class='ocrx_word' id='word_1_33' title='bbox 842 1000 1030 1058; x_wconf 73' lang='lat' dir='ltr'><strong>incumbebat</strong></span> <span class='ocrx_word' id='word_1_34' title='bbox 1045 998 1083 1055; x_wconf 85' lang='lat' dir='ltr'><strong>sd</strong></span> <span class='ocrx_word' id='word_1_35' title='bbox 1097 1015 1226 1072; x_wconf 76' lang='lat' dir='ltr'><strong>emen,</strong></span> 
     </span>
     <span class='ocr_line' id='line_1_7' title="bbox 361 1090 1103 1163; baseline -0.004 -12"><span class='ocrx_word' id='word_1_36' title='bbox 361 1092 478 1151; x_wconf 83' lang='lat' dir='ltr'>Dexter</span> <span class='ocrx_word' id='word_1_37' title='bbox 491 1093 522 1151; x_wconf 92' lang='lat' dir='ltr'><strong>in</strong></span> <span class='ocrx_word' id='word_1_38' title='bbox 536 1092 695 1152; x_wconf 77' lang='lat' dir='ltr'><strong>adversum</strong></span> <span class='ocrx_word' id='word_1_39' title='bbox 707 1094 806 1152; x_wconf 86' lang='lat' dir='ltr'><strong>nitens</strong></span> <span class='ocrx_word' id='word_1_40' title='bbox 819 1093 979 1163; x_wconf 75' lang='lat' dir='ltr'><strong>concussit,</strong></span> <span class='ocrx_word' id='word_1_41' title='bbox 995 1099 1025 1149; x_wconf 90' lang='lat' dir='ltr'><strong>et</strong></span> <span class='ocrx_word' id='word_1_42' title='bbox 1038 1090 1103 1149; x_wconf 88' lang='lat' dir='ltr'><strong>imis</strong></span> 
     </span>
     <span class='ocr_line' id='line_1_8' title="bbox 361 1183 1023 1261; baseline -0.003 -17"><span class='ocrx_word' id='word_1_43' title='bbox 361 1186 506 1245; x_wconf 78' lang='lat' dir='ltr'><strong>Avulsam</strong></span> <span class='ocrx_word' id='word_1_44' title='bbox 521 1186 609 1245; x_wconf 83' lang='lat' dir='ltr'><strong>solvit</strong></span> <span class='ocrx_word' id='word_1_45' title='bbox 621 1186 774 1245; x_wconf 76' lang='lat' dir='ltr'><strong>radicibus</strong></span> <span class='ocrx_word' id='word_1_46' title='bbox 789 1206 797 1257; x_wconf 92' lang='lat'><strong>;</strong></span> <span class='ocrx_word' id='word_1_47' title='bbox 820 1185 888 1244; x_wconf 90' lang='lat' dir='ltr'><strong>inde</strong></span> <span class='ocrx_word' id='word_1_48' title='bbox 903 1183 1023 1261; x_wconf 74' lang='lat' dir='ltr'><strong>repente</strong></span> 
     </span>
     <span class='ocr_line' id='line_1_9' title="bbox 362 1276 1126 1357; baseline -0.005 -20"><span class='ocrx_word' id='word_1_49' title='bbox 362 1276 493 1357; x_wconf 86' lang='lat' dir='ltr'><strong>Impulit,</strong></span> <span class='ocrx_word' id='word_1_50' title='bbox 509 1280 636 1357; x_wconf 90' lang='lat' dir='ltr'><strong>impulsu</strong></span> <span class='ocrx_word' id='word_1_51' title='bbox 650 1298 710 1356; x_wconf 91' lang='lat' dir='ltr'><strong>quo</strong></span> <span class='ocrx_word' id='word_1_52' title='bbox 722 1280 870 1338; x_wconf 78' lang='lat' dir='ltr'><strong>maximus</strong></span> <span class='ocrx_word' id='word_1_53' title='bbox 884 1280 1001 1337; x_wconf 83' lang='lat' dir='ltr'><strong>insonet</strong></span> <span class='ocrx_word' id='word_1_54' title='bbox 1015 1276 1126 1335; x_wconf 80' lang='lat' dir='ltr'><strong>aetber:</strong></span> 
     </span>
     <span class='ocr_line' id='line_1_10' title="bbox 360 1369 1097 1450; baseline -0.003 -19"><span class='ocrx_word' id='word_1_55' title='bbox 360 1371 531 1431; x_wconf 85' lang='lat' dir='ltr'><strong>Dissultsnt</strong></span> <span class='ocrx_word' id='word_1_56' title='bbox 543 1373 628 1450; x_wconf 75' lang='lat' dir='ltr'><strong>ripas,</strong></span> <span class='ocrx_word' id='word_1_57' title='bbox 643 1372 803 1449; x_wconf 85' lang='lat' dir='ltr'><strong>refluitque</strong></span> <span class='ocrx_word' id='word_1_58' title='bbox 817 1372 978 1431; x_wconf 86' lang='lat' dir='ltr'><strong>exterritus</strong></span> <span class='ocrx_word' id='word_1_59' title='bbox 993 1369 1097 1429; x_wconf 88' lang='lat' dir='ltr'><strong>amuis.</strong></span> 
     </span>
     <span class='ocr_line' id='line_1_11' title="bbox 360 1464 1063 1543; baseline -0.006 -17"><span class='ocrx_word' id='word_1_60' title='bbox 360 1466 402 1527; x_wconf 77' lang='lat' dir='ltr'><strong>At</strong></span> <span class='ocrx_word' id='word_1_61' title='bbox 416 1486 524 1543; x_wconf 79' lang='lat' dir='ltr'><strong>specus</strong></span> <span class='ocrx_word' id='word_1_62' title='bbox 538 1475 568 1525; x_wconf 93' lang='lat' dir='ltr'><strong>et</strong></span> <span class='ocrx_word' id='word_1_63' title='bbox 582 1464 660 1525; x_wconf 85' lang='lat' dir='ltr'><strong>Ceci</strong></span> <span class='ocrx_word' id='word_1_64' title='bbox 673 1466 792 1525; x_wconf 84' lang='lat' dir='ltr'><strong>detecte</strong></span> <span class='ocrx_word' id='word_1_65' title='bbox 805 1466 943 1543; x_wconf 86' lang='lat' dir='ltr'><strong>upparuit</strong></span> <span class='ocrx_word' id='word_1_66' title='bbox 956 1466 1063 1543; x_wconf 80' lang='lat' dir='ltr'><strong>ingens</strong></span> 
     </span>
     <span class='ocr_line' id='line_1_12' title="bbox 361 1556 1130 1638; baseline -0.005 -21"><span class='ocrx_word' id='word_1_67' title='bbox 361 1558 472 1638; x_wconf 76' lang='lat' dir='ltr'><strong>Regia,</strong></span> <span class='ocrx_word' id='word_1_68' title='bbox 489 1568 519 1618; x_wconf 91' lang='lat' dir='ltr'><strong>et</strong></span> <span class='ocrx_word' id='word_1_69' title='bbox 533 1560 680 1619; x_wconf 71' lang='lat' dir='ltr'><strong>umbrosus</strong></span> <span class='ocrx_word' id='word_1_70' title='bbox 694 1559 813 1637; x_wconf 79' lang='lat' dir='ltr'><strong>penitius</strong></span> <span class='ocrx_word' id='word_1_71' title='bbox 828 1556 953 1637; x_wconf 71' lang='lat' dir='ltr'><strong>patuere</strong></span> <span class='ocrx_word' id='word_1_72' title='bbox 967 1576 1106 1617; x_wconf 81' lang='lat' dir='ltr'><strong>cavernae</strong></span> <span class='ocrx_word' id='word_1_73' title='bbox 1122 1574 1130 1613; x_wconf 76' lang='grc' dir='ltr'><strong>ι</strong></span> 
     </span>
     <span class='ocr_line' id='line_1_13' title="bbox 361 1650 1138 1729; baseline -0.003 -18"><span class='ocrx_word' id='word_1_74' title='bbox 361 1652 431 1711; x_wconf 90' lang='lat' dir='ltr'><strong>Non</strong></span> <span class='ocrx_word' id='word_1_75' title='bbox 444 1650 533 1709; x_wconf 81' lang='lat' dir='ltr'><strong>secius</strong></span> <span class='ocrx_word' id='word_1_76' title='bbox 547 1670 583 1710; x_wconf 81' lang='lat' dir='ltr'><strong>ec</strong></span> <span class='ocrx_word' id='word_1_77' title='bbox 596 1652 623 1709; x_wconf 90' lang='lat' dir='ltr'><strong>si</strong></span> <span class='ocrx_word' id='word_1_78' title='bbox 636 1650 698 1728; x_wconf 76' lang='lat' dir='ltr'><strong>qui</strong></span> <span class='ocrx_word' id='word_1_79' title='bbox 710 1652 828 1729; x_wconf 75' lang='lat' dir='ltr'><strong>penitius</strong></span> <span class='ocrx_word' id='word_1_80' title='bbox 842 1653 871 1711; x_wconf 92' lang='lat' dir='ltr'><strong>vi</strong></span> <span class='ocrx_word' id='word_1_81' title='bbox 884 1660 967 1711; x_wconf 78' lang='lat' dir='ltr'><strong>terre</strong></span> <span class='ocrx_word' id='word_1_82' title='bbox 980 1650 1138 1709; x_wconf 85' lang='lat' dir='ltr'><strong>dehiscens</strong></span> 
     </span>
    </p>
   </div>
   <div class='ocr_carea' id='block_1_3' title="bbox 359 1744 1161 2121">
    <p class='ocr_par' dir='ltr' id='par_1_3' title="bbox 359 1744 1161 2121">
     <span class='ocr_line' id='line_1_14' title="bbox 361 1744 1045 1824; baseline -0.001 -22"><span class='ocrx_word' id='word_1_83' title='bbox 361 1744 498 1804; x_wconf 75' lang='lat' dir='ltr'><strong>Infernas</strong></span> <span class='ocrx_word' id='word_1_84' title='bbox 511 1753 627 1805; x_wconf 85' lang='lat' dir='ltr'><strong>reseret</strong></span> <span class='ocrx_word' id='word_1_85' title='bbox 639 1744 739 1817; x_wconf 83' lang='lat' dir='ltr'><strong>sedes,</strong></span> <span class='ocrx_word' id='word_1_86' title='bbox 754 1754 785 1804; x_wconf 93' lang='lat' dir='ltr'><strong>et</strong></span> <span class='ocrx_word' id='word_1_87' title='bbox 799 1764 895 1824; x_wconf 84' lang='lat' dir='ltr'><strong>regna</strong></span> <span class='ocrx_word' id='word_1_88' title='bbox 908 1744 1045 1803; x_wconf 89' lang='lat' dir='ltr'><strong>recludat</strong></span> 
     </span>
     <span class='ocr_line' id='line_1_15' title="bbox 359 1836 1161 1916; baseline 0 -21"><span class='ocrx_word' id='word_1_89' title='bbox 359 1836 486 1909; x_wconf 73' lang='lat' dir='ltr'><strong>Pallida,</strong></span> <span class='ocrx_word' id='word_1_90' title='bbox 502 1836 549 1896; x_wconf 83' lang='lat' dir='ltr'><strong>dir</strong></span> <span class='ocrx_word' id='word_1_91' title='bbox 563 1838 667 1909; x_wconf 83' lang='lat' dir='ltr'><strong>invisa,</strong></span> <span class='ocrx_word' id='word_1_92' title='bbox 684 1838 835 1916; x_wconf 73' lang='lat' dir='ltr'><strong>superque</strong></span> <span class='ocrx_word' id='word_1_93' title='bbox 849 1840 975 1897; x_wconf 84' lang='lat' dir='ltr'><strong>immune</strong></span> <span class='ocrx_word' id='word_1_94' title='bbox 990 1836 1161 1897; x_wconf 85' lang='lat' dir='ltr'><strong>berethrum</strong></span> 
     </span>
     <span class='ocr_line' id='line_1_16' title="bbox 362 1929 1088 2008; baseline -0.004 -17"><span class='ocrx_word' id='word_1_95' title='bbox 362 1929 524 2003; x_wconf 86' lang='lat' dir='ltr'><strong>Cernetur,</strong></span> <span class='ocrx_word' id='word_1_96' title='bbox 539 1930 687 2008; x_wconf 84' lang='lat' dir='ltr'><strong>trepident</strong></span> <span class='ocrx_word' id='word_1_97' title='bbox 701 1932 832 1990; x_wconf 87' lang='lat' dir='ltr'><strong>immisso</strong></span> <span class='ocrx_word' id='word_1_98' title='bbox 845 1932 955 1989; x_wconf 89' lang='lat' dir='ltr'><strong>lumine</strong></span> <span class='ocrx_word' id='word_1_99' title='bbox 969 1930 1088 1989; x_wconf 85' lang='lat' dir='ltr'><strong>Mencs.</strong></span> 
     </span>
     <span class='ocr_line' id='line_1_17' title="bbox 360 2022 1081 2121; baseline -0.003 -38"><span class='ocrx_word' id='word_1_100' title='bbox 360 2022 445 2101; x_wconf 76' lang='lat' dir='ltr'><strong>Ergo</strong></span> <span class='ocrx_word' id='word_1_101' title='bbox 459 2022 612 2102; x_wconf 68' lang='lat' dir='ltr'><strong>insperati</strong></span> <span class='ocrx_word' id='word_1_102' title='bbox 626 2023 806 2121; x_wconf 62' lang='lat' dir='ltr'><strong>depreqsum</strong></span> <span class='ocrx_word' id='word_1_103' title='bbox 820 2024 849 2083; x_wconf 92' lang='lat' dir='ltr'><strong>in</strong></span> <span class='ocrx_word' id='word_1_104' title='bbox 864 2024 932 2083; x_wconf 88' lang='lat' dir='ltr'><strong>luce</strong></span> <span class='ocrx_word' id='word_1_105' title='bbox 947 2022 1081 2101; x_wconf 72' lang='lat' dir='ltr'><strong>repente,</strong></span> 
     </span>
    </p>
   </div>
   <div class='ocr_carea' id='block_1_4' title="bbox 352 2115 1304 4345">
    <p class='ocr_par' dir='ltr' id='par_1_4' title="bbox 361 2115 1175 2381">
     <span class='ocr_line' id='line_1_18' title="bbox 361 2115 1175 2194; baseline -0.002 -20"><span class='ocrx_word' id='word_1_106' title='bbox 361 2115 572 2193; x_wconf 88' lang='lat' dir='ltr'><strong>Inclusumque</strong></span> <span class='ocrx_word' id='word_1_107' title='bbox 587 2136 661 2175; x_wconf 81' lang='lat' dir='ltr'><strong>cero</strong></span> <span class='ocrx_word' id='word_1_108' title='bbox 675 2137 757 2188; x_wconf 88' lang='lat' dir='ltr'><strong>saxo,</strong></span> <span class='ocrx_word' id='word_1_109' title='bbox 774 2126 865 2194; x_wconf 83' lang='lat' dir='ltr'><strong>etque</strong></span> <span class='ocrx_word' id='word_1_110' title='bbox 879 2118 997 2175; x_wconf 82' lang='lat' dir='ltr'><strong>insuete</strong></span> <span class='ocrx_word' id='word_1_111' title='bbox 1011 2116 1175 2187; x_wconf 89' lang='lat' dir='ltr'><strong>rudentem,</strong></span> 
     </span>
     <span class='ocr_line' id='line_1_19' title="bbox 361 2210 1123 2289; baseline -0.004 -20"><span class='ocrx_word' id='word_1_112' title='bbox 361 2210 502 2287; x_wconf 79' lang='lat' dir='ltr'><strong>Desuper</strong></span> <span class='ocrx_word' id='word_1_113' title='bbox 515 2210 638 2269; x_wconf 86' lang='lat' dir='ltr'><strong>Alcides</strong></span> <span class='ocrx_word' id='word_1_114' title='bbox 651 2211 719 2269; x_wconf 89' lang='lat' dir='ltr'><strong>telis</strong></span> <span class='ocrx_word' id='word_1_115' title='bbox 732 2212 849 2289; x_wconf 88' lang='lat' dir='ltr'><strong>premit,</strong></span> <span class='ocrx_word' id='word_1_116' title='bbox 865 2210 1024 2286; x_wconf 80' lang='lat' dir='ltr'><strong>omniaque</strong></span> <span class='ocrx_word' id='word_1_117' title='bbox 1039 2227 1123 2267; x_wconf 86' lang='lat' dir='ltr'><strong>erma</strong></span> 
     </span>
     <span class='ocr_line' id='line_1_20' title="bbox 361 2301 1113 2381; baseline -0.001 -19"><span class='ocrx_word' id='word_1_118' title='bbox 361 2301 510 2375; x_wconf 79' lang='lat' dir='ltr'><strong>Advocet,</strong></span> <span class='ocrx_word' id='word_1_119' title='bbox 524 2311 554 2361; x_wconf 92' lang='lat' dir='ltr'><strong>et</strong></span> <span class='ocrx_word' id='word_1_120' title='bbox 567 2303 659 2362; x_wconf 85' lang='lat' dir='ltr'><strong>ramis</strong></span> <span class='ocrx_word' id='word_1_121' title='bbox 672 2304 825 2381; x_wconf 82' lang='lat' dir='ltr'><strong>vestisque</strong></span> <span class='ocrx_word' id='word_1_122' title='bbox 839 2304 1001 2363; x_wconf 76' lang='lat' dir='ltr'><strong>molaribus</strong></span> <span class='ocrx_word' id='word_1_123' title='bbox 1015 2303 1113 2361; x_wconf 87' lang='lat' dir='ltr'><strong>instat.</strong></span> 
     </span>
    </p>

    <p class='ocr_par' dir='ltr' id='par_1_5' title="bbox 360 2394 1216 2567">
     <span class='ocr_line' id='line_1_21' title="bbox 361 2394 1216 2475; baseline 0 -22"><span class='ocrx_word' id='word_1_124' title='bbox 361 2396 417 2453; x_wconf 93' lang='lat' dir='ltr'><strong>Ille</strong></span> <span class='ocrx_word' id='word_1_125' title='bbox 431 2404 542 2468; x_wconf 88' lang='lat' dir='ltr'><strong>nutem,</strong></span> <span class='ocrx_word' id='word_1_126' title='bbox 558 2415 657 2473; x_wconf 91' lang='lat' dir='ltr'><strong>neque</strong></span> <span class='ocrx_word' id='word_1_127' title='bbox 672 2397 752 2456; x_wconf 86' lang='lat' dir='ltr'><strong>enim</strong></span> <span class='ocrx_word' id='word_1_128' title='bbox 765 2396 838 2475; x_wconf 81' lang='lat' dir='ltr'><strong>fuga</strong></span> <span class='ocrx_word' id='word_1_129' title='bbox 848 2396 911 2472; x_wconf 81' lang='lat' dir='ltr'><strong>jam</strong></span> <span class='ocrx_word' id='word_1_130' title='bbox 924 2396 1014 2473; x_wconf 73' lang='lat' dir='ltr'><strong>super</strong></span> <span class='ocrx_word' id='word_1_131' title='bbox 1029 2395 1089 2454; x_wconf 87' lang='lat' dir='ltr'><strong>ulla</strong></span> <span class='ocrx_word' id='word_1_132' title='bbox 1102 2394 1216 2473; x_wconf 89' lang='lat' dir='ltr'><strong>pericli,</strong></span> 
     </span>
     <span class='ocr_line' id='line_1_22' title="bbox 360 2488 1074 2567; baseline 0.001 -21"><span class='ocrx_word' id='word_1_133' title='bbox 360 2488 515 2547; x_wconf 86' lang='lat' dir='ltr'><strong>Faucibus</strong></span> <span class='ocrx_word' id='word_1_134' title='bbox 528 2490 681 2567; x_wconf 79' lang='lat' dir='ltr'><strong>ingentem</strong></span> <span class='ocrx_word' id='word_1_135' title='bbox 694 2490 816 2563; x_wconf 77' lang='lat' dir='ltr'><strong>fumum,</strong></span> <span class='ocrx_word' id='word_1_136' title='bbox 832 2490 967 2549; x_wconf 89' lang='lat' dir='ltr'><strong>mirabile</strong></span> <span class='ocrx_word' id='word_1_137' title='bbox 983 2488 1074 2562; x_wconf 90' lang='lat' dir='ltr'><strong>dictu,</strong></span> 
     </span>
    </p>

    <p class='ocr_par' dir='ltr' id='par_1_6' title="bbox 359 2580 1225 2847">
     <span class='ocr_line' id='line_1_23' title="bbox 360 2580 1070 2661; baseline 0 -20"><span class='ocrx_word' id='word_1_138' title='bbox 360 2582 488 2655; x_wconf 86' lang='lat' dir='ltr'><strong>Evomit,</strong></span> <span class='ocrx_word' id='word_1_139' title='bbox 505 2583 686 2659; x_wconf 83' lang='lat' dir='ltr'><strong>involvitque</strong></span> <span class='ocrx_word' id='word_1_140' title='bbox 700 2584 819 2643; x_wconf 88' lang='lat' dir='ltr'><strong>domum</strong></span> <span class='ocrx_word' id='word_1_141' title='bbox 833 2584 961 2661; x_wconf 84' lang='lat' dir='ltr'><strong>caligine</strong></span> <span class='ocrx_word' id='word_1_142' title='bbox 976 2580 1070 2655; x_wconf 69' lang='lat' dir='ltr'><strong>cerci,</strong></span> 
     </span>
     <span class='ocr_line' id='line_1_24' title="bbox 359 2674 1225 2755; baseline 0.002 -22"><span class='ocrx_word' id='word_1_143' title='bbox 359 2674 554 2753; x_wconf 88' lang='lat' dir='ltr'><strong>Prospectum</strong></span> <span class='ocrx_word' id='word_1_144' title='bbox 568 2676 699 2753; x_wconf 89' lang='lat' dir='ltr'><strong>eripiens</strong></span> <span class='ocrx_word' id='word_1_145' title='bbox 711 2677 807 2735; x_wconf 87' lang='lat' dir='ltr'><strong>oculis</strong></span> <span class='ocrx_word' id='word_1_146' title='bbox 820 2696 828 2747; x_wconf 92' lang='lat'>;</span> <span class='ocrx_word' id='word_1_147' title='bbox 852 2678 1055 2755; x_wconf 78' lang='lat' dir='ltr'><strong>glomeratque</strong></span> <span class='ocrx_word' id='word_1_148' title='bbox 1070 2676 1126 2733; x_wconf 89' lang='lat' dir='ltr'><strong>sub</strong></span> <span class='ocrx_word' id='word_1_149' title='bbox 1140 2682 1225 2735; x_wconf 85' lang='lat' dir='ltr'><strong>entre</strong></span> 
     </span>
     <span class='ocr_line' id='line_1_25' title="bbox 359 2768 1106 2847; baseline 0 -20"><span class='ocrx_word' id='word_1_150' title='bbox 359 2768 543 2827; x_wconf 85' lang='lat' dir='ltr'><strong>Fumiserarn</strong></span> <span class='ocrx_word' id='word_1_151' title='bbox 556 2777 685 2840; x_wconf 87' lang='lat' dir='ltr'><strong>noctem,</strong></span> <span class='ocrx_word' id='word_1_152' title='bbox 701 2770 866 2828; x_wconf 84' lang='lat' dir='ltr'><strong>commixtis</strong></span> <span class='ocrx_word' id='word_1_153' title='bbox 880 2770 950 2847; x_wconf 84' lang='lat' dir='ltr'><strong>igne</strong></span> <span class='ocrx_word' id='word_1_154' title='bbox 964 2768 1106 2828; x_wconf 89' lang='lat' dir='ltr'><strong>tenebris.</strong></span> 
     </span>
    </p>

    <p class='ocr_par' dir='ltr' id='par_1_7' title="bbox 358 2861 1161 3035">
     <span class='ocr_line' id='line_1_26' title="bbox 358 2861 1161 2940; baseline 0.001 -22"><span class='ocrx_word' id='word_1_155' title='bbox 358 2861 388 2919; x_wconf 90' lang='lat' dir='ltr'>N</span> <span class='ocrx_word' id='word_1_156' title='bbox 391 2881 428 2919; x_wconf 88' lang='lat' dir='ltr'><strong>ou</strong></span> <span class='ocrx_word' id='word_1_157' title='bbox 441 2862 508 2920; x_wconf 91' lang='lat' dir='ltr'><strong>tulit</strong></span> <span class='ocrx_word' id='word_1_158' title='bbox 520 2863 644 2921; x_wconf 85' lang='lat' dir='ltr'><strong>Alcides</strong></span> <span class='ocrx_word' id='word_1_159' title='bbox 658 2863 783 2933; x_wconf 59' lang='lat' dir='ltr'><strong>enimin</strong></span> <span class='ocrx_word' id='word_1_160' title='bbox 808 2882 901 2940; x_wconf 87' lang='lat' dir='ltr'><strong>seque</strong></span> <span class='ocrx_word' id='word_1_161' title='bbox 917 2863 979 2939; x_wconf 92' lang='lat' dir='ltr'><strong>ipse</strong></span> <span class='ocrx_word' id='word_1_162' title='bbox 994 2862 1161 2939; x_wconf 81' lang='lat' dir='ltr'><strong>perignem</strong></span> 
     </span>
     <span class='ocr_line' id='line_1_27' title="bbox 358 2953 1087 3035; baseline 0.001 -23"><span class='ocrx_word' id='word_1_163' title='bbox 358 2953 511 3032; x_wconf 83' lang='lat' dir='ltr'><strong>Praecipiti</strong></span> <span class='ocrx_word' id='word_1_164' title='bbox 525 2955 626 3031; x_wconf 89' lang='lat' dir='ltr'><strong>injecit</strong></span> <span class='ocrx_word' id='word_1_165' title='bbox 640 2958 730 3027; x_wconf 89' lang='lat' dir='ltr'><strong>saltu,</strong></span> <span class='ocrx_word' id='word_1_166' title='bbox 747 2956 808 3033; x_wconf 76' lang='lat' dir='ltr'><strong>qui</strong></span> <span class='ocrx_word' id='word_1_167' title='bbox 822 2958 965 3035; x_wconf 90' lang='lat' dir='ltr'><strong>plurimus</strong></span> <span class='ocrx_word' id='word_1_168' title='bbox 980 2956 1087 3015; x_wconf 84' lang='lat' dir='ltr'><strong>undem</strong></span> 
     </span>
    </p>

    <p class='ocr_par' dir='ltr' id='par_1_8' title="bbox 357 3046 1202 3407">
     <span class='ocr_line' id='line_1_28' title="bbox 358 3046 1202 3129; baseline 0.002 -24"><span class='ocrx_word' id='word_1_169' title='bbox 358 3046 474 3106; x_wconf 86' lang='lat' dir='ltr'><strong>Fumus</strong></span> <span class='ocrx_word' id='word_1_170' title='bbox 488 3048 561 3127; x_wconf 78' lang='lat' dir='ltr'><strong>egit,</strong></span> <span class='ocrx_word' id='word_1_171' title='bbox 577 3049 749 3126; x_wconf 67' lang='lat' dir='ltr'><strong>nebulisque</strong></span> <span class='ocrx_word' id='word_1_172' title='bbox 762 3050 869 3128; x_wconf 80' lang='lat' dir='ltr'><strong>ingens</strong></span> <span class='ocrx_word' id='word_1_173' title='bbox 883 3070 993 3129; x_wconf 84' lang='lat' dir='ltr'><strong>specus</strong></span> <span class='ocrx_word' id='word_1_174' title='bbox 1006 3055 1113 3107; x_wconf 82' lang='lat' dir='ltr'><strong>aestust</strong></span> <span class='ocrx_word' id='word_1_175' title='bbox 1127 3046 1202 3107; x_wconf 77' lang='lat' dir='ltr'><strong>stri.</strong></span> 
     </span>
     <span class='ocr_line' id='line_1_29' title="bbox 358 3138 1169 3201; baseline 0.002 -4"><span class='ocrx_word' id='word_1_176' title='bbox 358 3138 421 3198; x_wconf 89' lang='lat' dir='ltr'><strong>Hic</strong></span> <span class='ocrx_word' id='word_1_177' title='bbox 436 3141 554 3201; x_wconf 88' lang='lat' dir='ltr'><strong>Cacum</strong></span> <span class='ocrx_word' id='word_1_178' title='bbox 566 3141 597 3200; x_wconf 87' lang='lat' dir='ltr'><strong>in</strong></span> <span class='ocrx_word' id='word_1_179' title='bbox 610 3142 743 3201; x_wconf 82' lang='lat' dir='ltr'><strong>tenebris</strong></span> <span class='ocrx_word' id='word_1_180' title='bbox 756 3142 896 3201; x_wconf 83' lang='lat' dir='ltr'><strong>incendis</strong></span> <span class='ocrx_word' id='word_1_181' title='bbox 910 3162 988 3201; x_wconf 81' lang='lat' dir='ltr'><strong>vane</strong></span> <span class='ocrx_word' id='word_1_182' title='bbox 1001 3149 1169 3200; x_wconf 86' lang='lat' dir='ltr'><strong>vomentem</strong></span> 
     </span>
     <span class='ocr_line' id='line_1_30' title="bbox 358 3232 1160 3313; baseline -0.004 -19"><span class='ocrx_word' id='word_1_183' title='bbox 358 3232 489 3311; x_wconf 87' lang='lat' dir='ltr'><strong>Corripit</strong></span> <span class='ocrx_word' id='word_1_184' title='bbox 503 3235 534 3293; x_wconf 93' lang='lat' dir='ltr'><strong>in</strong></span> <span class='ocrx_word' id='word_1_185' title='bbox 545 3235 656 3294; x_wconf 88' lang='lat' dir='ltr'><strong>nodum</strong></span> <span class='ocrx_word' id='word_1_186' title='bbox 671 3235 854 3311; x_wconf 84' lang='lat' dir='ltr'><strong>complexus,</strong></span> <span class='ocrx_word' id='word_1_187' title='bbox 871 3244 900 3293; x_wconf 89' lang='lat' dir='ltr'><strong>et</strong></span> <span class='ocrx_word' id='word_1_188' title='bbox 915 3236 995 3313; x_wconf 84' lang='lat' dir='ltr'><strong>angit</strong></span> <span class='ocrx_word' id='word_1_189' title='bbox 1011 3234 1160 3293; x_wconf 84' lang='lat' dir='ltr'><strong>inhaerens</strong></span> 
     </span>
     <span class='ocr_line' id='line_1_31' title="bbox 357 3326 1045 3407; baseline 0.001 -22"><span class='ocrx_word' id='word_1_190' title='bbox 357 3326 459 3385; x_wconf 84' lang='lat' dir='ltr'><strong>Elisos</strong></span> <span class='ocrx_word' id='word_1_191' title='bbox 472 3328 585 3398; x_wconf 89' lang='lat' dir='ltr'><strong>oculos,</strong></span> <span class='ocrx_word' id='word_1_192' title='bbox 602 3336 631 3385; x_wconf 92' lang='lat' dir='ltr'><strong>et</strong></span> <span class='ocrx_word' id='word_1_193' title='bbox 645 3327 760 3395; x_wconf 84' lang='lat' dir='ltr'><strong>siccum</strong></span> <span class='ocrx_word' id='word_1_194' title='bbox 773 3329 921 3405; x_wconf 82' lang='lat' dir='ltr'><strong>sanguine</strong></span> <span class='ocrx_word' id='word_1_195' title='bbox 935 3337 1045 3407; x_wconf 83' lang='lat' dir='ltr'><strong>guttur.</strong></span> 
     </span>
    </p>

    <p class='ocr_par' dir='ltr' id='par_1_9' title="bbox 356 3417 1148 3591">
     <span class='ocr_line' id='line_1_32' title="bbox 356 3417 1148 3497; baseline 0 -20"><span class='ocrx_word' id='word_1_196' title='bbox 356 3417 502 3477; x_wconf 89' lang='lat' dir='ltr'><strong>Panditur</strong></span> <span class='ocrx_word' id='word_1_197' title='bbox 515 3421 661 3497; x_wconf 82' lang='lat' dir='ltr'><strong>extemplo</strong></span> <span class='ocrx_word' id='word_1_198' title='bbox 676 3420 789 3479; x_wconf 84' lang='lat' dir='ltr'><strong>foribus</strong></span> <span class='ocrx_word' id='word_1_199' title='bbox 804 3421 908 3479; x_wconf 91' lang='lat' dir='ltr'><strong>domus</strong></span> <span class='ocrx_word' id='word_1_200' title='bbox 923 3430 988 3479; x_wconf 86' lang='lat' dir='ltr'><strong>etra</strong></span> <span class='ocrx_word' id='word_1_201' title='bbox 1001 3418 1127 3479; x_wconf 85' lang='lat' dir='ltr'><strong>revulsis</strong></span> <span class='ocrx_word' id='word_1_202' title='bbox 1140 3438 1148 3489; x_wconf 72' lang='grc' dir='ltr'><strong>ς</strong></span> 
     </span>
     <span class='ocr_line' id='line_1_33' title="bbox 356 3512 1039 3591; baseline 0.003 -21"><span class='ocrx_word' id='word_1_203' title='bbox 356 3512 586 3588; x_wconf 81' lang='lat' dir='ltr'><strong>Abstrectteque</strong></span> <span class='ocrx_word' id='word_1_204' title='bbox 602 3514 693 3571; x_wconf 80' lang='lat' dir='ltr'><strong>boves</strong></span> <span class='ocrx_word' id='word_1_205' title='bbox 708 3514 913 3591; x_wconf 82' lang='lat' dir='ltr'><strong>ebjurntaeque</strong></span> <span class='ocrx_word' id='word_1_206' title='bbox 927 3515 1039 3591; x_wconf 74' lang='lat' dir='ltr'><strong>rapine</strong></span> 
     </span>
    </p>

    <p class='ocr_par' dir='ltr' id='par_1_10' title="bbox 355 3604 1170 3874">
     <span class='ocr_line' id='line_1_34' title="bbox 357 3604 1170 3685; baseline -0.001 -20"><span class='ocrx_word' id='word_1_207' title='bbox 357 3604 447 3665; x_wconf 84' lang='lat' dir='ltr'><strong>Coelo</strong></span> <span class='ocrx_word' id='word_1_208' title='bbox 460 3607 676 3676; x_wconf 89' lang='lat' dir='ltr'><strong>ostenduntur;</strong></span> <span class='ocrx_word' id='word_1_209' title='bbox 700 3607 884 3685; x_wconf 82' lang='lat' dir='ltr'><strong>pedibusque</strong></span> <span class='ocrx_word' id='word_1_210' title='bbox 900 3609 1024 3667; x_wconf 81' lang='lat' dir='ltr'><strong>informe</strong></span> <span class='ocrx_word' id='word_1_211' title='bbox 1039 3605 1170 3665; x_wconf 83' lang='lat' dir='ltr'><strong>cadaver</strong></span> 
     </span>
     <span class='ocr_line' id='line_1_35' title="bbox 355 3698 1115 3777; baseline 0.001 -20"><span class='ocrx_word' id='word_1_212' title='bbox 355 3699 552 3759; x_wconf 79' lang='lat' dir='ltr'><strong>Protrahitur.</strong></span> <span class='ocrx_word' id='word_1_213' title='bbox 593 3700 757 3777; x_wconf 89' lang='lat' dir='ltr'><strong>Nequeunt</strong></span> <span class='ocrx_word' id='word_1_214' title='bbox 771 3702 883 3777; x_wconf 87' lang='lat' dir='ltr'><strong>expleri</strong></span> <span class='ocrx_word' id='word_1_215' title='bbox 900 3701 991 3759; x_wconf 86' lang='lat' dir='ltr'><strong>corde</strong></span> <span class='ocrx_word' id='word_1_216' title='bbox 1003 3698 1115 3759; x_wconf 91' lang='lat' dir='ltr'><strong>tuendo</strong></span> 
     </span>
     <span class='ocr_line' id='line_1_36' title="bbox 355 3794 1056 3874; baseline 0.004 -22"><span class='ocrx_word' id='word_1_217' title='bbox 355 3794 521 3854; x_wconf 86' lang='lat' dir='ltr'><strong>Terribiles</strong></span> <span class='ocrx_word' id='word_1_218' title='bbox 534 3798 649 3869; x_wconf 88' lang='lat' dir='ltr'><strong>oculos,</strong></span> <span class='ocrx_word' id='word_1_219' title='bbox 665 3797 787 3867; x_wconf 87' lang='lat' dir='ltr'><strong>vultum,</strong></span> <span class='ocrx_word' id='word_1_220' title='bbox 805 3797 969 3874; x_wconf 75' lang='lat' dir='ltr'><strong>villosaque</strong></span> <span class='ocrx_word' id='word_1_221' title='bbox 984 3798 1056 3855; x_wconf 90' lang='lat' dir='ltr'><strong>setis</strong></span> 
     </span>
    </p>

    <p class='ocr_par' dir='ltr' id='par_1_11' title="bbox 352 3886 1304 4345">
     <span class='ocr_line' id='line_1_37' title="bbox 355 3886 1304 3968; baseline 0.004 -23"><span class='ocrx_word' id='word_1_222' title='bbox 355 3886 485 3945; x_wconf 87' lang='lat' dir='ltr'><strong>Pectora</strong></span> <span class='ocrx_word' id='word_1_223' title='bbox 497 3889 638 3961; x_wconf 85' lang='lat' dir='ltr'><strong>semiferi,</strong></span> <span class='ocrx_word' id='word_1_224' title='bbox 654 3899 743 3967; x_wconf 91' lang='lat' dir='ltr'><strong>atque</strong></span> <span class='ocrx_word' id='word_1_225' title='bbox 758 3891 921 3950; x_wconf 87' lang='lat' dir='ltr'><strong>exstinctos</strong></span> <span class='ocrx_word' id='word_1_226' title='bbox 935 3891 1073 3949; x_wconf 80' lang='lat' dir='ltr'><strong>saucibus</strong></span> <span class='ocrx_word' id='word_1_227' title='bbox 1086 3889 1181 3968; x_wconf 76' lang='lat' dir='ltr'><strong>ignes.</strong></span> <span class='ocrx_word' id='word_1_228' title='bbox 1300 3889 1304 3897; x_wconf 85' lang='grc'><strong>’</strong></span> 
     </span>
     <span class='ocr_line' id='line_1_38' title="bbox 355 3976 1054 4059; baseline 0.01 -25"><span class='ocrx_word' id='word_1_229' title='bbox 355 3976 404 4035; x_wconf 84' lang='lat' dir='ltr'><strong>Ex</strong></span> <span class='ocrx_word' id='word_1_230' title='bbox 419 3978 468 4035; x_wconf 90' lang='lat' dir='ltr'><strong>illo</strong></span> <span class='ocrx_word' id='word_1_231' title='bbox 483 3979 656 4040; x_wconf 90' lang='lat' dir='ltr'><strong>celebratus</strong></span> <span class='ocrx_word' id='word_1_232' title='bbox 669 3982 775 4054; x_wconf 88' lang='lat' dir='ltr'><strong>bonos,</strong></span> <span class='ocrx_word' id='word_1_233' title='bbox 790 3983 910 4059; x_wconf 83' lang='lat' dir='ltr'><strong>laetique</strong></span> <span class='ocrx_word' id='word_1_234' title='bbox 924 3984 1054 4041; x_wconf 86' lang='lat' dir='ltr'><strong>minores</strong></span> 
     </span>
     <span class='ocr_line' id='line_1_39' title="bbox 357 4068 1102 4152; baseline 0.009 -27"><span class='ocrx_word' id='word_1_235' title='bbox 357 4068 522 4129; x_wconf 77' lang='lat' dir='ltr'><strong>Servavire</strong></span> <span class='ocrx_word' id='word_1_236' title='bbox 537 4071 614 4131; x_wconf 91' lang='lat' dir='ltr'><strong>diem</strong></span> <span class='ocrx_word' id='word_1_237' title='bbox 628 4092 636 4142; x_wconf 93' lang='lat'>;</span> <span class='ocrx_word' id='word_1_238' title='bbox 661 4074 831 4152; x_wconf 87' lang='lat' dir='ltr'><strong>primusque</strong></span> <span class='ocrx_word' id='word_1_239' title='bbox 846 4076 972 4145; x_wconf 80' lang='lat' dir='ltr'><strong>Potitius</strong></span> <span class='ocrx_word' id='word_1_240' title='bbox 987 4082 1102 4145; x_wconf 88' lang='lat' dir='ltr'><strong>auctor,</strong></span> 
     </span>
     <span class='ocr_line' id='line_1_40' title="bbox 356 4160 1025 4227; baseline 0.009 -5"><span class='ocrx_word' id='word_1_241' title='bbox 356 4161 397 4222; x_wconf 82' lang='lat' dir='ltr'><strong>Et</strong></span> <span class='ocrx_word' id='word_1_242' title='bbox 411 4160 515 4220; x_wconf 89' lang='lat' dir='ltr'><strong>domus</strong></span> <span class='ocrx_word' id='word_1_243' title='bbox 529 4163 679 4224; x_wconf 91' lang='lat' dir='ltr'><strong>Herculei</strong></span> <span class='ocrx_word' id='word_1_244' title='bbox 691 4176 793 4227; x_wconf 86' lang='lat' dir='ltr'><strong>custos</strong></span> <span class='ocrx_word' id='word_1_245' title='bbox 807 4169 930 4227; x_wconf 81' lang='lat' dir='ltr'><strong>Pinaria</strong></span> <span class='ocrx_word' id='word_1_246' title='bbox 943 4168 1025 4227; x_wconf 84' lang='lat' dir='ltr'><strong>seori</strong></span> 
     </span>
     <span class='ocr_line' id='line_1_41' title="bbox 352 4254 1115 4345; baseline 0.005 -30"><span class='ocrx_word' id='word_1_247' title='bbox 352 4254 449 4345; x_wconf 84' lang='lat' dir='ltr'><strong>¹Hunc</strong></span> <span class='ocrx_word' id='word_1_248' title='bbox 463 4272 545 4313; x_wconf 86' lang='lat' dir='ltr'><strong>eram</strong></span> <span class='ocrx_word' id='word_1_249' title='bbox 559 4257 627 4317; x_wconf 91' lang='lat' dir='ltr'><strong>luco</strong></span> <span class='ocrx_word' id='word_1_250' title='bbox 640 4259 753 4331; x_wconf 80' lang='lat' dir='ltr'><strong>statuit,</strong></span> <span class='ocrx_word' id='word_1_251' title='bbox 770 4280 836 4337; x_wconf 82' lang='lat' dir='ltr'><strong>quae</strong></span> <span class='ocrx_word' id='word_1_252' title='bbox 851 4262 984 4321; x_wconf 80' lang='lat' dir='ltr'><strong>Maxime</strong></span> <span class='ocrx_word' id='word_1_253' title='bbox 997 4278 1115 4337; x_wconf 89' lang='lat' dir='ltr'><strong>semper</strong></span> 
     </span>
    </p>
   </div>
   <div class='ocr_carea' id='block_1_5' title="bbox 0 0 1588 5234">
    <p class='ocr_par' dir='ltr' id='par_1_12' title="bbox 0 0 1588 5234">
     <span class='ocr_line' id='line_1_42' title="bbox 0 0 1588 5234; baseline 0 2"><span class='ocrx_word' id='word_1_254' title='bbox 0 0 1588 5234; x_wconf 95' lang='lat' dir='ltr'><strong> </strong></span> 
     </span>
    </p>
   </div>
  </div>
 </body>
</html>
