3167 5234
562 591 733 639 mrtmuos
752 571 822 639 ara.
837 589 889 637 111.

225 729 382 790 Haerebat.
426 729 488 798 Qui
501 729 549 802 sit,
565 730 632 802 fari,
651 749 708 806 quo
723 729 868 808 sanguine
883 735 994 799 cretus,

224 823 416 894 Hortamur:
442 843 508 900 quae
523 823 628 882 deiude
645 823 738 902 agitet
752 821 881 891 fortuna,
898 821 993 879 sateri.

224 916 291 996 lpse
307 927 394 997 pater
406 917 540 977 dextram
554 919 715 987 Anchises,
731 918 812 976 baud
825 919 918 976 multa
930 926 1072 988 moratus,
1154 918 1214 975 610
1306 939 1312 944 ·

222 1011 284 1070 Dat
300 1012 416 1088 juveni,
431 1021 520 1090 atque
535 1013 665 1070 animum
680 1011 819 1090 praesenti
833 1011 955 1089 pignore
969 1010 1076 1068 firmat.

223 1103 278 1164 Ille
292 1105 372 1178 haec,
387 1103 524 1184 depositb
536 1106 656 1164 tandem
670 1105 835 1177 formidine,
852 1105 952 1163 satur:

263 1201 337 1258 Sum
351 1198 448 1277 patrii
462 1219 499 1257 ex
514 1199 629 1270 Itbaci,
646 1216 746 1258 eomes
760 1198 887 1257 infelicis
899 1197 1030 1275 Ulyssei,

223 1291 341 1352 Nomou
355 1292 586 1364 Achemenides,
602 1291 723 1369 Trojam
740 1293 877 1370 genitore
890 1291 1054 1350 Adamasto

222 1385 361 1463 Paupere
377 1385 609 1462 (mansissetque
624 1385 736 1444 utinam
750 1386 868 1443 fortuna
879 1384 902 1462 1)
917 1385 1076 1463 profectus.

222 1477 285 1537 Hic
300 1497 357 1550 me,
374 1478 443 1536 dum
457 1479 564 1556 trepidi
577 1479 711 1537 crudelia
724 1479 827 1536 limina
840 1478 985 1554 linquunt,

222 1569 412 1632 Immemores
427 1573 500 1630 socii
515 1579 599 1630 vasto
614 1571 757 1650 Cyclopis
773 1572 802 1630 iu
816 1580 902 1629 antro

223 1665 407 1726 Deseruere.
449 1665 566 1724 Domus
580 1667 663 1724 sanie
678 1665 862 1743 dapibusque
882 1665 1014 1723 cruentis

222 1756 307 1817 Intus
321 1778 427 1836 opaca,
443 1758 569 1837 ingens:
592 1759 655 1835 ipse
670 1759 791 1829 arduus,
809 1758 929 1835 altaque
944 1757 1041 1836 pulsat

222 1851 338 1923 Sidera,
357 1851 422 1930 (Di,
438 1852 528 1912 talem
542 1854 630 1911 terris
645 1853 769 1912 avertite
785 1861 899 1930 pestem
910 1853 933 1932 1)

221 1945 288 2004 Nec
302 1947 367 2005 visu
384 1945 489 2019 facilis,
506 1967 563 2005 nec
578 1945 658 2006 dictu
673 1947 800 2005 affabilis
816 1947 876 2005 ulli.
977 1983 981 1991 ·

221 2037 398 2116 Visceribus
412 2041 587 2108 miserorum
601 2049 630 2098 et
645 2040 790 2119 sanguine
805 2040 937 2099 vescitur
950 2048 1025 2100 atro.

222 2130 290 2190 Vidi
305 2141 434 2211 egomet,
451 2132 509 2192 duo
524 2133 560 2191 de
575 2153 699 2192 numero
715 2153 805 2211 quum
818 2153 945 2212 corpora
958 2142 1059 2193 nostro

222 2224 338 2284 Prensa
351 2245 441 2284 manu
456 2228 573 2305 magud,
590 2227 686 2285 medio
700 2227 859 2306 resupinus
873 2223 903 2284 in
918 2236 1013 2299 antro,

221 2317 390 2398 Frangeret
405 2320 441 2378 ad
456 2339 570 2393 saxum,
587 2322 731 2397 sanieque
746 2340 889 2399 exspersa
902 2329 1040 2380 natarent

221 2409 339 2470 Limina
352 2431 361 2482 ;
385 2412 455 2484 vidi,
472 2422 536 2472 atro
551 2433 640 2490 quum
654 2415 786 2472 membra
800 2413 924 2472 fluentia
936 2414 1006 2471 tabo

221 2504 392 2577 Manderet,
408 2515 437 2564 et
450 2505 541 2584 tepidi
555 2515 716 2564 tremerent
730 2509 784 2564 sub
799 2507 937 2564 dentibus
951 2516 1043 2565 artus.

220 2596 313 2656 Haud
326 2598 445 2676 impune
461 2599 579 2672 quidem
592 2619 599 2670 ;
623 2619 679 2657 nec
693 2599 766 2657 talia
780 2619 887 2677 passus
900 2597 1036 2677 Ulysses,

219 2689 376 2750 Oblitusve
390 2692 437 2750 sui
451 2700 496 2750 est
511 2691 632 2750 Ithacus
646 2691 816 2750 discrimine
830 2700 921 2753 tauto.

219 2783 247 2842 N
251 2802 297 2842 am
312 2784 409 2854 simul,
424 2785 560 2862 expletus
574 2785 698 2862 dapibus
713 2785 841 2862 vinoque
857 2784 1001 2864 sepultus,

220 2875 380 2936 Cervicem
397 2877 535 2936 inflexam
550 2880 657 2956 posuit,
668 2877 824 2955 jacuitque
839 2898 892 2956 per
905 2887 1023 2937 autrum

219 2968 397 3043 lmmensus,
414 2971 528 3029 saniem
542 2979 683 3030 eructans
698 2991 732 3030 ac
748 2972 844 3030 frusta
857 2980 982 3030 cruento

218 3062 279 3121 Per
292 3083 429 3122 somnum
444 3065 601 3123 commixta
615 3084 697 3123 mero
712 3085 719 3134 ;
743 3085 808 3136 nos,
823 3083 933 3144 magna
946 3065 1061 3143 precati

218 3155 362 3228 Numina,
378 3157 534 3234 sortitique
548 3157 641 3229 vices,
658 3156 719 3216 unia
732 3158 862 3235 undique
876 3159 990 3217 circum

217 3247 394 3321 Fundimur‚
411 3257 440 3307 et
453 3249 513 3308 telo
529 3251 628 3308 lumen
643 3253 830 3309 terebramus
844 3260 932 3310 acuto

218 3341 342 3421 Ingens,
360 3343 438 3420 quod
451 3341 538 3402 torvi
552 3344 715 3403 solumsub
731 3345 826 3402 fronte
845 3345 967 3416 latebat,

218 3435 357 3514 Argolici
371 3436 468 3513 clypei
483 3446 533 3494 aut
547 3437 690 3496 Pboebeae
705 3437 849 3514 lampadis
862 3437 976 3497 instar:

216 3529 258 3588 Et
271 3528 393 3587 taudem
406 3530 467 3588 laeti
481 3530 629 3588 sociorum
643 3530 816 3588 ulciscimur
828 3532 958 3590 umbras.

217 3621 278 3680 Sed
294 3622 397 3700 sugite,
414 3642 431 3681 o
445 3623 556 3695 miseri,
573 3623 676 3702 sugite,
694 3633 783 3701 atque
799 3624 836 3685 ab
849 3623 946 3682 littore
961 3623 1062 3682 sunem

215 3713 370 3792 Rumpite.

214 3807 306 3879 Nam,
325 3809 420 3885 qualis
435 3819 622 3888 quantusque
637 3831 712 3870 cavo
726 3808 927 3887 Polyphemus
941 3810 970 3867 in
986 3817 1073 3868 antro

214 3899 387 3979 Laurigeros
402 3901 513 3960 claudit
527 3903 668 3981 pecudes,
685 3913 774 3980 atque
790 3906 884 3963 ubera
898 3911 1024 3980 pressat,

216 3991 348 4058 Centum
363 3995 412 4052 alii
427 4015 520 4054 curva
535 3997 599 4055 baeo
613 3997 748 4054 habitant
762 3996 800 4054 ad
814 3996 914 4054 littora
927 3995 1017 4075 vulgo

215 4083 336 4145 infandi
351 4085 513 4166 Cyclopes,
529 4098 559 4147 et
574 4089 641 4148 altis
657 4087 804 4147 montibus
818 4097 928 4148 errant.

213 4178 321 4238 Tertia
339 4179 402 4255 jam
416 4181 494 4240 lunae
508 4201 542 4240 se
557 4200 671 4241 cornua
683 4181 792 4240 lumine
808 4183 965 4260 complent,
1146 4186 1205 4246 645

215 4272 318 4339 Quum
333 4273 424 4332 vitam
438 4275 467 4333 in
483 4275 575 4347 silvis,
593 4276 669 4334 iuter
682 4275 802 4334 deserta
815 4276 946 4335 ferarum

213 4365 328 4426 Lustra
343 4366 517 4445 domosque,
533 4369 630 4443 traho,
646 4377 808 4447 vastosque
821 4371 859 4428 ab
872 4389 946 4448 rupe
961 4369 1113 4450 Cyclopas

496 4465 531 4520 1³
911 4482 926 4522 s
