3167 5234
346 575 400 633 126
635 570 661 617 P.
685 570 856 617 VIRGILII
884 570 1057 619 MARONIS

342 708 450 786 Teque
465 716 592 787 tuosque
609 708 695 785 juvat
710 730 717 781 ;
741 718 823 789 patet
837 710 887 769 isti
903 710 999 787 janua
1011 710 1072 768 leto
1087 726 1095 767 τ

293 790 299 813 ’
342 803 472 881 Jamque
487 803 583 862 aderit
598 805 689 864 multo
703 803 866 863 Priamide
880 803 1028 883 sanguine
1042 803 1189 880 Pyrrhus,

344 897 372 956 N
376 908 457 956 etum
471 906 539 956 ante
555 917 608 956 ora
621 898 725 977 patris,
742 907 859 977 patrem
873 899 924 976 qui
938 900 1097 957 obtruncat
1111 896 1150 955 ad
1164 914 1243 956 aras.

344 990 415 1051 Hoc
430 999 506 1065 erat,
523 990 600 1049 alma
615 1010 734 1069 parans,
753 991 832 1068 qubd
846 1010 894 1049 me
908 1012 963 1069 per
976 992 1048 1063 tela,
1065 1010 1118 1068 per
1132 990 1218 1070 ignes

344 1086 456 1165 Eripis,
473 1095 505 1145 ut
524 1085 629 1145 mediis
642 1087 757 1145 hostem
773 1086 804 1145 in
817 1086 1031 1165 penetralibus,
1045 1095 1138 1162 utque
1277 1088 1337 1145 665

344 1180 522 1253 Ascanium,
539 1188 715 1259 patremque
733 1200 842 1252 meum,
861 1178 1006 1257 juxtdque
1022 1179 1183 1254 Creusam,

345 1274 482 1334 Alterum
497 1274 527 1333 in
540 1274 665 1332 alterius
678 1282 827 1333 mactatos
840 1276 1000 1353 sanguine,
1016 1292 1138 1332 cernam
1154 1274 1165 1330 ?

345 1367 449 1441 Ama,
466 1368 532 1441 viri,
546 1368 622 1427 t‘ertc
638 1388 743 1427 arma:
765 1377 852 1426 vocat
866 1369 917 1426 lux
932 1369 1036 1426 ultima
1049 1369 1154 1427 victos.

345 1462 475 1523 Reddite
490 1481 537 1521 rne
550 1460 669 1521 Danais
684 1482 691 1533 ;
715 1462 803 1521 sinite
817 1462 984 1521 instaurata
997 1462 1127 1520 revisam

344 1556 467 1616 Proelia.
511 1557 675 1633 Nunquam
691 1576 793 1615 ornnes
807 1556 895 1614 bodie
909 1556 1070 1614 moriemur
1084 1555 1179 1615 inulti.

385 1650 469 1709 Hinc
482 1650 564 1709 ferro
579 1650 723 1728 accingor
736 1670 852 1719 rursus,
867 1650 1035 1727 clypeoque
1049 1650 1199 1709 sinistram

346 1742 534 1803 Insertabam
554 1752 670 1822 aptans,
687 1760 795 1821 meque
811 1756 896 1802 extra
909 1751 991 1801 tecta
1007 1743 1152 1803 ferebam.

346 1838 431 1897 Ecce
447 1846 546 1896 autem
561 1838 716 1916 complexa
735 1838 827 1916 pedes
841 1838 871 1895 in
889 1838 989 1895 limine
1003 1838 1114 1914 conjux

345 1930 504 2002 Haerebat,
519 1951 702 2009 parvumque
716 1932 794 2011 patri
807 1930 948 1990 tendebat
963 1931 1060 1989 Iulum
1076 1951 1084 1988 τ

347 2026 379 2085 Si
393 2026 543 2104 periturus
559 2026 634 2097 abis,
652 2034 682 2083 et
696 2046 750 2085 nos
763 2044 836 2104 rape
851 2025 882 2083 in
896 2026 995 2083 omnia
1007 2035 1108 2083 tecum
1123 2046 1131 2097 3

348 2120 400 2179 Sin
415 2119 546 2197 aliquam
561 2127 703 2197 expertus
717 2121 842 2198 sumptis
856 2138 939 2197 spem
954 2120 1038 2197 ponis
1052 2120 1082 2178 in
1097 2120 1200 2192 armis,

347 2212 440 2272 Hanc
455 2214 581 2291 primum
594 2222 693 2273 tutare
708 2213 836 2273 domurn.
880 2211 940 2272 Cui
961 2232 1071 2291 parvus
1086 2213 1182 2286 Iulus,

348 2306 409 2367 Cui
423 2316 519 2385 pater,
536 2315 566 2366 ct
580 2308 690 2384 conjux
705 2306 854 2383 quondam
868 2316 921 2365 tua
934 2308 1014 2365 dicta
1027 2308 1180 2384 relinquor
1196 2308 1208 2364 l

227 2446 234 2457 .
340 2432 344 2437 ·
386 2400 475 2459 Talia
489 2401 669 2473 vociferans,
687 2402 800 2479 gemitu
814 2410 927 2460 tectum
940 2420 1026 2459 omne
1040 2403 1175 2479 replebat
1191 2419 1199 2473 ;

241 2524 246 2533 ·
348 2492 450 2563 Quum
464 2496 594 2554 subitum
608 2495 749 2572 dictuque
764 2496 859 2555 oritur
872 2495 1006 2553 mirabile
1021 2504 1192 2555 monstrum.

348 2588 498 2666 Namque,
513 2608 621 2647 manus
640 2590 718 2647 inter
735 2597 969 2667 maestorumque
985 2609 1039 2648 ora
1053 2587 1220 2668 parentium,

348 2682 432 2741 Ecce
447 2682 522 2740 levis
536 2702 651 2741 summo
666 2682 702 2741 de
717 2684 830 2740 vertice
846 2684 928 2741 visus
943 2681 1001 2741 Iuli

347 2774 489 2834 Fundere
504 2776 603 2834 lumen
619 2795 705 2855 apex,
721 2785 865 2854 tactuque
880 2777 1001 2835 innoxia
1014 2778 1118 2836 molles

348 2868 497 2929 Lambere
512 2868 632 2929 flamma
647 2889 759 2942 comas,
776 2880 806 2929 et
821 2872 935 2929 circum
949 2882 1084 2950 tempora
1097 2872 1190 2950 pasci.

348 2965 414 3024 Nos
428 2965 527 3043 pavidi
543 2964 693 3042 trepidare
708 2974 799 3038 metu,
815 2966 989 3042 crinemque
1004 2966 1182 3045 flagrantem

348 3058 512 3131 Excutere,
529 3066 559 3116 et
579 3067 700 3117 sanctos
713 3060 902 3139 restinguere
918 3060 1048 3119 sontibus
1061 3061 1156 3141 ignes.

348 3154 389 3210 At
403 3160 490 3230 pater
504 3151 653 3211 Anchises
668 3154 771 3213 oculos
786 3154 825 3211 sd
839 3154 938 3213 sidera
952 3156 1039 3214 laetus

348 3246 473 3317 Extulit,
491 3255 521 3304 et
535 3246 613 3304 coelo
629 3246 742 3324 palmas
757 3268 826 3306 cum
840 3268 914 3306 voce
928 3249 1063 3309 tetendit.

347 3341 468 3419 Jupiter
482 3342 678 3419 omnipotens,
696 3344 835 3420 precibus
850 3344 875 3401 si
889 3344 1020 3403 flecteris
1035 3344 1112 3417 ullis,
1198 3374 1204 3389 ·

347 3436 479 3514 Adspice
494 3457 549 3495 nos
565 3456 572 3506 ;
597 3437 654 3495 hoc
668 3436 781 3495 tantirm
795 3456 803 3507 3
829 3447 868 3509 et,
885 3439 910 3497 si
925 3439 1035 3517 pietate
1050 3460 1209 3515 meremur,

347 3528 399 3589 Da
413 3530 520 3590 deinde
536 3516 688 3603 duxilium,
704 3530 807 3603 Pater,
824 3540 914 3609 atque
928 3534 994 3592 baec
1009 3534 1108 3592 omina
1121 3534 1216 3595 firma

388 3625 447 3684 Vix
462 3646 500 3684 ea
515 3625 594 3684 fatus
609 3634 673 3684 erat
689 3626 800 3699 senior,
816 3628 974 3703 subitoque
989 3628 1110 3707 fragore

348 3720 481 3780 Intonuit
502 3722 620 3792 laevum,
637 3728 666 3778 et
682 3720 718 3779 de
734 3721 813 3779 coelo
828 3722 913 3799 lapsa
927 3742 980 3799 per
994 3723 1117 3781 umbras

349 3816 443 3875 Stella
458 3816 554 3874 lacem
568 3814 684 3874 ducens
697 3816 789 3873 multi
804 3835 872 3873 cum
887 3817 955 3874 lnce
970 3816 1113 3876 cucurrit.

349 3908 445 3981 Illam,
463 3929 578 3968 summa
598 3929 689 3988 super
703 3910 853 3968 labentem
867 3910 998 3969 culmina
1011 3911 1094 3983 tecti,

350 4000 511 4062 Cernimus
526 4002 610 4062 Idaed
628 4005 740 4062 cleram
756 4023 788 4063 se
802 4005 932 4063 condere
947 4003 1034 4076 silvia,

350 4094 582 4174 Signantemque
598 4098 661 4157 vias
675 4118 682 4169 ;
706 4107 769 4157 tum
783 4099 874 4178 longo
887 4098 978 4157 limite
993 4101 1095 4159 sulcus

347 4187 411 4248 Dat
428 4190 535 4262 lucem,
553 4198 582 4248 et
597 4190 656 4249 late
670 4192 783 4251 circum
798 4194 866 4252 loca
881 4193 994 4252 sulfure
1008 4194 1132 4255 fumant.

349 4280 414 4343 Hic
430 4282 500 4341 verb
516 4284 613 4342 victus
627 4285 745 4363 genitor
759 4306 792 4344 se
807 4286 882 4344 tollit
896 4286 934 4344 ad
949 4305 1051 4359 auras,

348 4376 526 4457 Affaturque
541 4378 623 4451 deos,
641 4386 670 4437 et
685 4387 822 4437 sanctum
836 4378 919 4439 sidus
933 4381 1047 4442 adorat.
