3167 5234
408 555 412 561 '
535 575 709 624 uncinos
729 577 798 624 nin.
813 576 876 623 xrs.
1142 585 1205 641 εις

212 717 292 776 Alba
305 713 375 774 rosa
389 734 396 772 :
418 715 495 773 tales
510 715 594 792 virgo
607 715 698 772 dabat
712 733 763 772 ore
777 716 901 774 colores.

213 811 301 871 Illum
313 813 413 869 turbat
428 830 522 882 amor,
538 811 661 888 figitque
676 811 705 869 in
721 811 835 889 virgine
850 812 969 868 vultus:
1161 811 1204 871 70

213 906 307 963 Ardet
322 907 352 962 in
367 923 449 964 arma
463 904 569 982 magis,
587 905 753 982 paucisque
767 904 1047 963 natumnatum:

211 999 271 1070 Ne,
290 1017 402 1076 quaeso,
419 1017 456 1055 ne
470 1017 518 1055 me
532 998 682 1074 iacrymis,
699 1015 774 1055 neve
789 997 887 1054 omina
900 1006 993 1069 tauto,

201 1091 400 1169 ·Prosequere
414 1090 522 1148 induri
537 1091 700 1149 certamina
714 1089 823 1148 Martis
835 1099 964 1163 cuntem,

213 1186 241 1244 Ο
254 1194 351 1244 mater
363 1204 370 1242 :
393 1201 490 1261 neque
505 1185 584 1242 enim
596 1185 703 1242 Turno
715 1203 798 1242 mora
812 1185 908 1242 libera
920 1184 1033 1244 morth.

213 1276 344 1338 Nuntius
359 1278 435 1349 haec,
452 1278 566 1349 Idmon,
582 1277 716 1356 Phrygio
730 1295 798 1336 mea
811 1278 893 1336 dicta
904 1287 1032 1355 tyranno
1161 1277 1204 1335 26

212 1371 306 1430 Haud
322 1371 468 1448 placitura
482 1371 582 1430 refer:
606 1371 707 1439 Quum
721 1372 846 1449 primum
860 1372 992 1430 crastiua
1006 1370 1085 1431 cralo

212 1465 354 1524 Puniceis
368 1465 486 1524 invecta
499 1466 572 1522 rotis
585 1466 705 1523 Aurora
718 1465 861 1535 rubescit,

212 1558 282 1617 Non
296 1557 433 1615 Teucros
448 1564 519 1636 agat
534 1557 563 1616 in
578 1557 718 1616 Rutulos.
760 1555 913 1616 Teucnim
928 1574 1013 1615 arma
1025 1555 1182 1635 quissent

213 1651 253 1710 Et
267 1652 421 1710 Rutulum.
462 1651 576 1709 Nostro
588 1651 759 1709 dirimamus
773 1651 920 1728 sanguine
935 1651 1053 1710 bellum.

213 1745 269 1804 Ilio
284 1755 435 1822 quaeratur
448 1745 555 1821 conjux
570 1745 697 1804 Lavinia
713 1763 829 1821 campo.
1162 1741 1205 1802 00

250 1838 330 1898 Haec
346 1840 396 1897 ubi
410 1839 489 1898 dicta
503 1839 594 1908 dedit,
610 1839 731 1917 rapidus
744 1839 774 1896 in
788 1847 871 1896 tecta
883 1837 1010 1896 recessit
1025 1855 1034 1896 r

212 1931 313 1990 Poscit
327 1951 432 2009 equos,
448 1933 618 2010 gaudetque
632 1942 719 1990 tuens
734 1941 804 1990 ante
818 1949 873 1989 ora
885 1931 1057 2004 frementes,

212 2025 349 2084 Pilumno
365 2045 439 2102 quos
453 2027 518 2103 ipsa
531 2025 624 2083 decus
638 2024 717 2084 dedit
733 2025 871 2101 Orithyia
887 2044 895 2093 3

212 2117 272 2185 Qui
287 2119 418 2177 candore
433 2119 517 2176 nives
531 2119 687 2190 anteirent,
705 2119 845 2178 cursibus
858 2137 957 2177 auras.

212 2207 418 2272 Circumstant
432 2213 551 2290 properi
565 2214 689 2291 aurigae,
706 2214 902 2288 manibusque
917 2213 1069 2272 iacessunt
1161 2209 1201 2271 ao

212 2303 345 2366 Pectora
358 2308 464 2385 plausa
477 2309 570 2379 cavis,
587 2316 616 2366 et
631 2308 710 2367 coila
723 2307 870 2366 comantia
884 2314 1015 2383 pectunt.

213 2398 281 2478 Ipse
297 2401 405 2459 dehinc
420 2419 494 2460 asro
508 2401 694 2478 squalentem
709 2402 838 2476 alboque
851 2401 1004 2459 orichalco

214 2492 389 2553 Circumdat
403 2494 525 2552 loricam
539 2495 671 2552 hameris
686 2511 694 2562 ;
719 2493 806 2552 simut
821 2501 903 2569 aptat
917 2492 1053 2552 habendo

213 2587 396 2664 auremque,
412 2588 620 2665 ciypeumque,
638 2596 667 2646 et
682 2589 779 2645 rubrm
794 2605 910 2644 cornua
923 2587 1022 2648 cristae
1037 2603 1046 2657 ς

212 2679 336 2752 Ensem,
354 2700 441 2757 quam
455 2682 564 2739 Dauno
579 2682 746 2759 ignipotens
760 2681 835 2738 deus
849 2681 913 2758 ipse
927 2680 1045 2758 parenti
1162 2683 1206 2741 90

213 2773 354 2845 Fecerat,
370 2781 399 2832 et
414 2773 519 2852 stygtt
532 2774 709 2833 candentem
728 2775 857 2832 tinxerat
872 2771 962 2833 undd.

213 2865 302 2939 Exin,
320 2886 385 2944 quar
399 2868 505 2925 mediis
518 2868 632 2945 ingenti
646 2869 753 2926 adnixa
768 2868 916 2925 columnae
1014 2903 1018 2916 ·

213 2959 346 3018 AEdibus
361 2961 508 3031 adstabat,
526 2961 653 3019 validam
668 2961 697 3019 si
711 2961 834 3037 corripit
847 2961 973 3031 hastam,
990 2970 994 2981 ’

212 3052 332 3110 Actoris
346 3054 484 3127 Aurunci
497 3055 633 3131 spolium,
650 3063 833 3131 quassatque
846 3061 1033 3126 trementem,

213 3143 412 3204 vociferans:
434 3147 534 3218 Nunc,
551 3168 569 3205 ο
583 3166 734 3224 nunquam
749 3148 891 3206 frustrata
905 3157 1031 3206 vocatus
1161 3151 1200 3209 96

213 3237 314 3298 Hasta
329 3259 420 3312 moos,
437 3258 516 3299 ntmc
530 3249 645 3320 tempus
659 3243 744 3299 adest
758 3261 765 3298 :
789 3251 820 3300 te
834 3242 980 3300 maximus
992 3242 1098 3314 Actor,

158 3321 170 3342 ⁸
213 3331 258 3388 Te
271 3333 368 3390 Turni
383 3347 462 3390 nunc
475 3334 580 3391 dextra
594 3335 692 3412 gerit:
715 3335 754 3392 da
768 3343 903 3392 sternere
918 3353 1037 3412 corpus,

212 3424 412 3502 Loricamque
427 3445 515 3486 manu
530 3426 630 3486 valida
643 3429 781 3486 lacerare
796 3428 946 3485 revulsam

214 3521 351 3579 Semiviri
363 3521 503 3600 Phrygis,
520 3531 550 3580 et
563 3523 677 3581 faedare
692 3525 721 3582 in
737 3523 860 3600 pulvere
874 3523 974 3581 crines

211 3609 355 3672 vibratos
368 3615 465 3673 calido
479 3615 570 3687 ferro,
587 3615 767 3694 myrrhaque
783 3616 946 3674 madentes.
1143 3613 1200 3675 im
1300 3660 1307 3671 .

194 3699 199 3726 '
250 3705 312 3765 His
325 3707 423 3785 agitur
437 3708 530 3780 furiis,
547 3717 668 3786 totoque
683 3710 816 3767 ardentis
830 3710 867 3767 ab
881 3727 932 3766 ore

213 3801 355 3860 Scintilla)
368 3801 514 3860 absistunt
529 3823 536 3872 ;
560 3803 655 3862 oculis
669 3805 757 3862 micat
773 3804 893 3861 acribus
907 3802 994 3880 ignis.

212 3889 351 3970 Mugitus
366 3895 457 3953 vetuti
472 3913 563 3971 qaum
577 3897 671 3973 prima
685 3897 713 3954 in
729 3896 834 3974 proeiia
847 3903 951 3953 taurus

211 3983 372 4044 Tarrificos
387 3988 456 4058 ciet,
473 3995 563 4064 atque
578 3989 669 4047 irasci
686 3990 715 4047 in
729 4007 842 4046 cornua
854 3996 959 4060 tentat,

211 4077 336 4136 Arboris
350 4081 479 4138 obnixus
489 4089 606 4151 trunco,
622 4091 786 4158 ventosque
803 4081 922 4139 incessit
1142 4083 1198 4144 106

211 4167 335 4242 lctibus,
352 4181 382 4230 at
396 4173 503 4250 sperari
516 4173 553 4232 ad
568 4191 696 4252 pugnam
710 4175 837 4253 protudit
857 4173 959 4235 arcad.

249 4262 279 4321 N
282 4283 318 4321 ac
332 4265 428 4323 minias
443 4267 557 4326 imeres
571 4269 713 4327 matonis
727 4287 827 4327 savus
840 4270 870 4327 in
885 4270 978 4330 armis

212 4355 326 4418 AEneas
340 4361 419 4418 acuit
432 4357 572 4436 Martem,
588 4371 618 4422 ct
632 4383 665 4422 sa
681 4364 807 4423 suscitat
820 4363 877 4436 ira,
