3167 5234
361 541 422 600 204
662 536 688 582 Ρ.
703 534 867 583 vincturi
886 536 1055 585 Mauortis

361 674 441 735 Haec
455 675 505 733 ubi
519 694 574 734 nos
587 682 738 753 praecepta
754 675 860 751 jubent
874 674 1024 753 deponere
1039 673 1127 735 dona.

361 769 488 829 Dixerat
502 789 510 839 3
533 778 562 827 et
577 770 697 846 pariter,
712 770 810 847 gressi
825 788 988 847 peropaca
1004 768 1130 839 viarum,

362 862 535 941 corripiunt
548 862 676 941 spatium
691 862 829 934 medium,
846 864 1018 939 foribusque
1033 862 1238 939 propinquant.

360 954 498 1034 Occupat
511 956 630 1014 AEneas
644 954 766 1027 aditum,
781 974 951 1033 corpusque
966 954 1081 1013 recenti
1291 957 1349 1015 665

361 1050 480 1127 Spargit
494 1048 585 1125 equi,
600 1068 775 1124 remumque
790 1048 918 1107 adverso
932 1049 961 1106 in
976 1048 1074 1107 limine
1089 1048 1161 1126 figit.

399 1142 460 1201 His
473 1142 592 1200 demum
604 1143 729 1213 exactis,
746 1142 880 1219 perfecto
893 1160 1016 1199 munere
1031 1140 1117 1211 divo,

358 1233 521 1296 Devenere
535 1236 618 1295 locos
631 1236 726 1307 laetos,
742 1243 772 1293 et
786 1254 906 1295 amoena
919 1236 1013 1293 vireta

359 1329 592 1388 Fortunatorum
605 1348 770 1399 nemorum,
785 1328 934 1405 sedesque
948 1330 1062 1390 beatas.

358 1418 489 1500 Largior
502 1421 552 1480 bic
566 1440 687 1500 campos
702 1423 796 1481 aether
809 1431 839 1479 et
853 1422 963 1480 lumine
978 1424 1066 1480 vestit

358 1513 514 1593 Purpureo
528 1534 536 1585 ;
559 1516 713 1592 solemque
730 1535 827 1586 suum,
844 1534 899 1575 sua
913 1515 1012 1573 sidera
1025 1513 1143 1574 norunt.

357 1606 479 1667 Parsia
492 1608 654 1686 gramineis
668 1617 810 1667 exercent
825 1611 958 1667 membra
971 1609 1128 1687 palaestris,

360 1698 551 1761 Contendunt
565 1702 645 1774 ludo,
661 1711 691 1761 et
704 1702 787 1761 fulvi
801 1704 951 1761 luctantur
964 1701 1079 1773 areni;

358 1792 436 1853 Pars
449 1796 575 1873 pedibus
588 1796 732 1873 plaudunt
746 1797 883 1869 choreas,
901 1806 930 1854 st
944 1796 1077 1855 carmina
1091 1797 1202 1857 dicunt.

358 1888 500 1950 Necnon
512 1891 675 1950 Threicius
689 1890 781 1969 longis
793 1910 861 1950 cum
876 1904 959 1949 veste
974 1892 1116 1949 sacerdos

259 1986 263 1995 '
359 1981 540 2061 obloquitur
552 1986 684 2043 numeris
697 1994 812 2062 septem
826 1984 998 2043 discrimina
1010 2004 1116 2043 vocum
1130 2004 1137 2043 ε

358 2076 487 2153 Jamque
501 2078 606 2137 eedem
619 2078 729 2161 digitis,
742 2078 804 2154 jam
813 2068 937 2155 'pectine
951 2078 1047 2154 pulsat
1062 2080 1186 2137 eburno.

359 2168 425 2228 Hic
438 2190 534 2249 genus
548 2172 701 2248 antiquum
714 2171 838 2241 Teucri,
854 2171 1053 2248 pulcherrima
1067 2172 1176 2249 proles,

359 2260 545 2342 Magnanimi
557 2264 676 2339 beroia,
689 2265 751 2323 nati
764 2264 937 2323 melioribus
951 2264 1046 2335 annis,

358 2354 492 2433 Ilusque,
507 2357 750 2433 Assaracusque,
764 2366 794 2415 et
808 2357 909 2432 Trojae
922 2356 1084 2415 Dardanus
1098 2364 1212 2417 auctor.

356 2448 451 2507 Arma
464 2450 568 2528 procul
581 2469 750 2527 currusque
765 2446 858 2507 virilm
873 2450 997 2509 miratur
1011 2450 1123 2510 inanes.

357 2544 443 2604 Stant
455 2544 540 2605 terra
552 2546 658 2605 defixus
673 2546 779 2617 bastae,
795 2546 965 2625 passimque
980 2544 1068 2603 soluti

355 2635 417 2696 Per
429 2658 552 2717 campos
565 2648 729 2716 pascuntur
742 2640 821 2715 equi.
865 2638 943 2707 Quos
958 2626 1057 2717 giatie
1070 2637 1190 2699 currfim

355 2731 574 2809 Armorumque
587 2733 641 2791 suit
655 2732 739 2804 vivis,
756 2752 823 2809 quae
838 2750 912 2791 cura
926 2732 1054 2791 nitentes

354 2823 488 2883 Poscere
502 2844 607 2903 equos,
622 2826 727 2884 eadem
741 2826 876 2901 sequitur
890 2826 997 2883 tellure
1012 2824 1155 2903 repbstos.

355 2915 523 2996 Conspicit,
539 2937 624 2990 ecce,
640 2918 715 2977 elios
728 2916 835 2977 dextri
848 2917 984 2996 laevique
1000 2938 1052 2996 per
1066 2920 1189 2979 herbam

354 3012 534 3085 vescentes,
549 3014 709 3090 letumque
724 3015 815 3073 choro
828 3015 942 3073 Paeana
956 3023 1108 3087 canentes,

354 3105 439 3165 luter
451 3106 605 3165 odoratum
619 3106 697 3165 lauri
710 3126 825 3179 nemus,
841 3108 920 3165 unde
934 3107 1063 3184 superine

353 3202 504 3263 Plurimus
517 3202 644 3261 Eridani
658 3223 712 3280 per
725 3204 830 3263 silvam
844 3204 971 3262 volvitur
984 3204 1088 3263 amnis.

354 3294 417 3357 Hic
430 3316 546 3368 manus,
562 3296 600 3355 ob
614 3297 739 3374 patriam
755 3297 915 3375 pugnando
929 3298 1054 3355 vulnere
1068 3297 1159 3375 passi,
1280 3300 1339 3357 660

354 3391 475 3468 Quique
488 3390 661 3451 secerdotes
674 3392 751 3449 casti
764 3390 835 3448 dum
849 3391 908 3449 vita
923 3393 1071 3463 manebat,

353 3484 475 3561 Quique
489 3484 530 3563 pii
543 3492 637 3555 untes,
654 3492 684 3542 et
696 3484 812 3543 Pboebo
826 3483 917 3561 digna
932 3484 1033 3557 locuti,

353 3576 495 3637 Inventas
508 3586 560 3637 aut
573 3578 625 3653 qui
638 3577 728 3635 vitam
741 3575 901 3638 excoluere
917 3597 970 3655 per
983 3585 1074 3650 nates,

352 3670 474 3748 Quique
487 3672 534 3729 sui
548 3690 694 3729 memores
708 3671 783 3729 alios
798 3669 898 3731 fecere
912 3670 1073 3729 merendo:

281 3826 287 3841 ¹
351 3764 497 3824 Omnibus
510 3765 557 3823 his
570 3763 659 3823 nivei
672 3766 833 3843 cinguntur
847 3763 1077 3842 temporavitti.
1276 3768 1335 3825 665

351 3858 438 3926 Quos
452 3858 647 3919 circumfusos
660 3859 705 3917 sic
719 3867 765 3918 est
778 3860 871 3917 affata
884 3859 999 3935 Sibylla
1014 3878 1021 3928 3

349 3951 499 4011 Musaeum
514 3961 583 4010 ante
597 3972 722 4023 omnes3
746 3953 876 4011 medium
889 3972 958 4012 uam
973 3952 1099 4031 plurima
1114 3954 1204 4011 turba

350 4045 444 4105 Hunc
457 4045 558 4117 habet,
574 4053 664 4123 atque
677 4047 810 4105 humeris
823 4054 988 4106 exstantem
1003 4046 1126 4125 suspicit
1144 4046 1232 4105 altis:

349 4138 462 4209 Dicite,
477 4137 581 4197 felices
595 4140 711 4211 mines,
726 4148 830 4217 tuque,
846 4140 955 4216 optime
970 4148 1075 4209 vates3

350 4231 429 4300 Quae
442 4231 527 4309 regio
539 4232 704 4303 Anchisen,
721 4232 786 4309 quis
801 4233 891 4291 babet
904 4234 988 4291 locus
1002 4232 1013 4289 l
1035 4232 1113 4292 illius
1126 4252 1200 4311 ergo
1274 4234 1335 4291 670

347 4325 504 4398 Venimus,
520 4333 552 4384 et
564 4344 689 4404 magnos
701 4325 797 4386 Erebi
809 4328 992 4388 tranavimus
1006 4345 1117 4387 amnes.
