3167 5234
539 560 729 611 namuco
747 564 818 612 arn.
831 566 862 649 ξ.
1147 562 1208 627 m

213 702 294 762 AEre
307 711 398 780 caput
412 702 542 779 fulgens,
557 700 710 779 cristaque
725 702 859 763 hirsutus
873 699 993 780 equini.

214 798 266 856 Sic
278 815 400 855 cursum
414 796 444 853 in
458 796 571 853 medios
584 796 708 875 rapidus
721 796 811 856 dedit.
852 795 1100 875 AEstuatingens
1147 796 1207 855 ato

213 888 282 947 Uno
296 890 326 947 in
341 888 432 947 corde
446 888 551 966 pudor,
568 890 719 966 mixtoque
733 889 851 948 insania
865 890 959 961 luctu,

216 982 269 1061 [Et
284 983 386 1041 Furiis
399 982 531 1060 agitatus
545 1002 638 1054 amor,
655 992 684 1041 et
699 982 956 1060 consolavimus]

213 1078 314 1153 Atque
329 1078 378 1135 bio
390 1077 515 1135 AEnesn
530 1075 642 1153 magnei
653 1084 701 1135 ter
715 1096 790 1135 voce
808 1077 936 1135 vocavit.

215 1168 333 1228 AEneas
347 1171 467 1248 ognovit
480 1170 570 1241 enim,
585 1170 732 1246 luctusque
747 1178 906 1247 precatur:

215 1264 265 1323 Sic
278 1264 372 1322 Peter
385 1265 436 1321 ille
449 1263 538 1323 deum
552 1264 654 1336 saciat,
670 1265 716 1323 sic
729 1266 808 1323 altus
821 1264 940 1343 Apollo,

214 1356 347 1434 Incipias
360 1357 496 1415 conferre
509 1376 629 1415 manum
644 1361 651 1415 l

214 1449 345 1508 Tantum
357 1450 476 1521 effatus,
492 1459 522 1508 et
536 1450 647 1509 infesti
661 1452 740 1509 subit
753 1451 860 1509 obvius
873 1448 971 1509 hasti.

215 1541 271 1601 Ille
287 1551 404 1601 sutem:
427 1544 509 1611 Quid
522 1562 580 1614 me,
597 1552 710 1622 erepto,
726 1544 901 1615 saevissime,
917 1550 999 1615 nato,

215 1634 328 1695 Terrcs
341 1637 352 1692 ἓ
373 1637 440 1697 hmo
453 1638 503 1695 ria
516 1638 581 1695 sola
594 1638 659 1709 llrit,
677 1636 737 1713 quei
750 1637 876 1714 perdere
892 1654 1004 1715 posses.

214 1728 281 1789 Nec
296 1737 418 1788 mortem
433 1731 598 1801 horremus,
614 1750 671 1789 nec
685 1728 784 1789 dimim
799 1730 948 1808 parcimus
962 1729 1024 1787 ulli.

213 1822 329 1881 Desine
344 1843 352 1881 τ
371 1825 433 1899 jam
447 1824 534 1881 renio
548 1825 719 1895 moriturus,
735 1832 766 1882 et
779 1825 845 1882 lraeo
857 1823 912 1881 tibi
924 1830 1010 1898 porto

213 1916 303 1976 Dono
316 1919 408 1995 prius.
449 1918 542 1989 Dixit,
558 1918 711 1994 telumque
724 1918 841 1988 intorsit
855 1916 886 1974 in
900 1916 1015 1973 hostem
1029 1932 1037 1971 τ

214 2008 288 2069 Inde
303 2010 383 2069 eliud
396 2010 489 2088 super
501 2019 593 2087 atque
606 2012 686 2069 sliud
701 2012 835 2089 figitque,
852 2009 991 2085 volatque
1053 2014 1057 2021 '

214 2102 335 2183 ingenti
346 2124 423 2182 gyro
436 2124 444 2173 ;
468 2105 521 2162 sed
535 2106 662 2163 sustinet
675 2123 786 2163 aureus
801 2105 898 2162 umbo.

203 2176 277 2256 ¹Ter
290 2199 403 2256 circum
417 2198 583 2256 adstantem
597 2200 690 2257 ltevos
703 2198 847 2274 equitavit
862 2198 892 2255 in
906 2196 1006 2266 orbes,

215 2288 292 2350 Tela
305 2311 394 2350 manu
405 2292 522 2367 Jeciens
536 2310 545 2361 ;
567 2302 616 2351 ter
628 2310 733 2350 secum
746 2292 858 2349 Troius
872 2290 962 2347 heros

215 2385 378 2445 Immunem
391 2397 485 2444 cerato
498 2386 669 2443 circumfert
682 2385 813 2463 tegmine
828 2384 943 2462 silvam.

214 2478 288 2550 Inde
303 2480 354 2538 ubi
366 2487 409 2537 tot
423 2480 549 2537 traxisse
563 2498 673 2550 mores,
688 2487 733 2536 tot
746 2476 862 2555 spicula
875 2474 966 2534 taedet

213 2573 346 2644 Vellere,
363 2583 393 2631 et
407 2582 532 2651 urgetur
544 2571 648 2650 pugnis
660 2590 843 2649 congressus
857 2568 980 2646 iniquir3

213 2666 310 2725 Multa
324 2686 447 2725 movens
461 2668 569 2737 animo,
582 2666 645 2742 jem
657 2666 778 2723 tandem
792 2664 930 2740 erumpit,
945 2670 974 2721 et
988 2662 1067 2721 iuter

213 2758 373 2818 Bellatoris
386 2762 456 2835 equi
469 2778 545 2819 csse
556 2768 692 2835 tempora
705 2756 825 2833 conjicit
839 2757 964 2815 hastam.

214 2850 304 2913 Tollit
318 2872 351 2912 se
366 2862 516 2912 arrectum
532 2852 711 2929 quadrupes,
728 2859 758 2908 et
772 2851 907 2909 calcibus
922 2867 1013 2907 auras

214 2946 374 3018 Verberat,
391 2947 579 3023 effusumque
592 2946 723 3021 equitem
737 2944 829 3021 super
842 2943 905 3021 ipse
924 2950 1046 3002 secutus

215 3039 361 3118 implicat,
377 3042 535 3116 ejectoque
547 3039 691 3097 incumbit
705 3055 836 3096 cernuus
851 3055 943 3097 armo.

253 3134 395 3193 Clamore
408 3132 570 3191 incendunt
583 3132 693 3190 ooelum
706 3130 864 3206 Troesque
878 3129 1049 3207 Latinique.

214 3227 342 3285 Advolat
355 3228 486 3296 AEncss‚
502 3224 672 3303 vaginaque
686 3224 773 3300 eripit
787 3242 901 3295 ensem,

214 3320 253 3379 nt
267 3320 438 3397 superhaec
451 3338 459 3376 ε
482 3319 540 3377 Ubi
553 3338 633 3376 nnnc
646 3318 818 3375 Mezentius
832 3336 914 3389 acer,
931 3324 960 3375 et
975 3316 1028 3375 illc

213 3412 318 3471 Effera
332 3414 378 3470 vis
391 3412 481 3469 animi
497 3412 508 3467 ?
549 3411 666 3471 Contre
684 3411 872 3486 Tyrrhenus,
889 3417 921 3467 ut
935 3426 1026 3467 auras

215 3506 387 3583 Suspiciens
400 3506 497 3563 haurit
511 3506 632 3575 ccclum,
647 3513 837 3579 mentemque
851 3502 985 3579 recepit:

213 3598 321 3657 Hostis
335 3616 447 3669 emere,
463 3598 533 3673 quid
547 3598 719 3674 increpitas,
735 3606 919 3671 mortemque
933 3593 1057 3653 minaris
1072 3592 1083 3651 ἰ
1143 3594 1203 3653 900

213 3690 336 3751 Nullum
350 3693 380 3750 in
394 3692 477 3751 caede
493 3692 597 3750 nefas:
616 3710 674 3749 neo
687 3692 732 3749 sic
745 3690 785 3747 ud
798 3690 905 3767 proelia
918 3688 996 3759 reni,

213 3783 281 3843 Nec
294 3798 395 3843 tecum
408 3804 493 3843 mens
506 3786 570 3844 baec
586 3785 697 3861 pepigit
710 3784 781 3841 mihi
796 3783 912 3841 foedera
924 3781 1054 3840 Lsueua

212 3875 312 3936 Unum
326 3879 394 3957 hoc,
410 3898 473 3956 per,
489 3878 515 3936 si
529 3898 588 3954 qua
603 3887 649 3934 est
662 3878 748 3936 victis
762 3876 850 3935 renio
864 3875 1008 3945 hostibus,
1025 3891 1099 3944 oro;

214 3969 334 4048 Corpus
348 3973 436 4030 humo
451 3972 565 4048 patiare
578 3971 650 4047 tegi.
693 3970 763 4027 Scio
777 3972 887 4027 acerba
899 3984 1032 4027 meorum

214 4063 420 4124 circumstare
434 4066 525 4135 odic3
548 4066 638 4135 hunc,
654 4083 718 4134 oro,
734 4062 860 4121 defende
874 4062 1015 4134 furorem,
1142 4062 1201 4122 905

212 4156 253 4217 Et
266 4177 313 4216 me
328 4168 498 4217 consortem
511 4159 574 4216 nati
587 4157 719 4215 concede
733 4157 881 4234 sepulcro.

211 4249 291 4310 Hoec
306 4252 447 4327 loquitur,
459 4252 625 4329 juguloque
640 4250 720 4309 hsud
734 4252 846 4308 inscius
860 4250 969 4327 accipit
983 4268 1095 4323 ensem,

211 4343 404 4422 Undcntique
419 4348 546 4405 enimam
558 4346 694 4405 diffundit
707 4346 738 4403 in
751 4364 836 4405 arma
850 4363 966 4405 cruore.

546 4443 611 4497 95*
