3167 5234
387 534 445 593 Μ
685 527 713 574 r.
726 528 892 577 vrecrnrr
911 530 1081 579 uinctus

388 666 584 745 Omnipotens
596 666 725 745 genitor,
740 669 856 727 tenton’
869 684 920 729 me
932 670 1055 731 crimine
1069 670 1191 749 dignum

387 760 508 819 Duxisti
521 760 532 817 ἓ
552 768 583 819 et
596 760 673 819 tales
686 761 805 821 voluisti
818 763 987 840 expendere
1006 783 1112 841 poenas
1127 763 1138 821 i

388 852 459 923 Qut
472 853 576 913 feror?
590 854 669 913 unde
682 853 743 913 sbii
757 854 768 911 ἓ
783 875 850 932 qure
864 875 911 915 me
925 857 1008 935 fuga,
1026 876 1152 933 quemve
1166 857 1292 919 reducet
1306 858 1318 917 i

387 947 719 1007 Laurentesneitsrnrn
729 966 832 1007 muros
846 958 896 1008 eut
911 958 1011 1009 castra
1025 950 1159 1009 videbo?
1316 958 1372 1011 671

388 1040 469 1109 Quid
484 1060 589 1100 menos
602 1041 654 1101 illa
667 1038 774 1113 virium,
790 1042 841 1118 qui
854 1061 902 1101 me
916 1062 1044 1119 meaque
1058 1061 1143 1103 arma
1156 1045 1253 1105 secuti
1266 1045 1277 1103 i

388 1134 515 1203 Quosne
530 1133 645 1213 (nefas)
659 1154 764 1193 omnes
777 1133 901 1195 infendsi
913 1136 944 1195 in
957 1143 1052 1195 morte
1066 1136 1199 1213 reliqui?

387 1228 429 1287 Et
441 1248 524 1288 nuuc
538 1228 675 1306 palantes
689 1228 786 1300 video,
803 1229 1005 1307 gemitumque
1020 1227 1179 1289 cedentitm

388 1321 523 1400 Accipio.
568 1321 649 1388 Quid
663 1340 720 1400 ego
736 1321 748 1378 i
770 1330 820 1381 aut
836 1340 902 1398 que
912 1322 975 1398 jam
989 1322 1062 1383 satis
1077 1323 1136 1381 ime
1149 1323 1285 1384 dehiscat
1315 1328 1374 1385 675

387 1416 487 1475 Terre
499 1415 570 1475 mibi
584 1416 595 1471 f
635 1415 701 1475 Vos
714 1435 733 1475 o
753 1416 851 1493 potius
865 1416 1061 1489 miserescite,
1078 1418 1157 1477 venti
1171 1436 1178 1475 :

388 1509 425 1570 ln
438 1530 540 1588 rupes,
556 1510 585 1568 in
599 1529 684 1581 saxu,
701 1508 821 1588 (volens
835 1530 888 1571 vos
900 1510 1023 1569 Turnus
1037 1510 1156 1587 sdoro‚)

388 1603 480 1663 Ferte
495 1611 601 1675 retem,
617 1595 765 1679 iussisque
779 1603 864 1661 vadis
878 1602 1024 1663 immittite
1037 1604 1139 1680 syrtis,

389 1696 460 1765 Qut
474 1716 573 1774 neque
587 1716 634 1756 me
648 1697 765 1768 Rutuli,
779 1716 838 1756 nec
852 1697 975 1756 conseia
989 1697 1067 1756 fame
1081 1704 1234 1773 sequetur.

388 1789 468 1851 Hrec
482 1809 661 1861 memorans,
677 1791 776 1849 snimo
789 1810 870 1849 nunc
883 1790 953 1862 buc,
971 1810 1050 1849 nunc
1064 1790 1188 1849 fluctuat
1201 1790 1274 1851 illuc
1289 1808 1296 1849 :
1317 1793 1380 1850 680

388 1884 437 1943 An
451 1902 519 1941 sese
533 1902 675 1943 mucrone
689 1884 727 1943 ob
741 1892 856 1942 tentum
870 1883 1001 1943 dedecus
1018 1899 1121 1943 emens

389 1977 508 2049 indust,
522 1985 551 2037 et
566 1978 692 2037 crudum
705 1997 759 2055 per
772 1987 872 2037 costas
888 1978 989 2055 exiget
1004 1986 1106 2039 ensem
1120 1998 1128 2048 ς

389 2072 546 2132 Fluctibus
560 2090 599 2131 sn
608 2072 703 2148 jaciet
716 2071 832 2143 mediis,
848 2083 878 2130 et
892 2072 991 2131 littore
1005 2070 1102 2131 nendo

390 2165 495 2228 Curva
508 2175 599 2244 petet,
614 2163 825 2243 Teucrumque
840 2166 947 2227 iterum
961 2186 994 2225 se
1009 2166 1113 2225 reddet
1127 2165 1157 2225 in
1171 2184 1264 2227 arma

389 2260 453 2319 Ter
466 2257 593 2319 conatus
606 2268 763 2336 utromque
777 2260 877 2319 viam:
900 2268 947 2317 ter
961 2260 1089 2319 maxime
1101 2259 1183 2319 June
1318 2262 1377 2320 685

390 2352 557 2427 Conticuit,
568 2354 770 2431 juvenemque
784 2354 876 2412 enimi
889 2354 1030 2413 miserete
1043 2353 1196 2431 repressit.

388 2447 517 2508 Labitur
530 2448 591 2507 elta
605 2466 725 2519 mens,
740 2447 893 2524 fluctuque
908 2455 1043 2523 aestuque
1057 2446 1190 2506 secundo
1206 2465 1213 2503 :

389 2541 431 2602 Et
444 2542 535 2621 patris
549 2542 701 2619 antiquum
714 2540 818 2601 Dauni
832 2541 964 2601 defertur
978 2541 1015 2599 ed
1031 2542 1144 2601 urbem.

428 2636 469 2693 At
482 2635 568 2694 Jovis
583 2636 698 2693 interes
710 2634 829 2693 monitis
842 2634 1012 2693 Mezentius
1026 2634 1135 2693 ordene

391 2729 531 2787 Succedit
546 2748 665 2806 pugne,
681 2727 879 2805 Teucrosque
894 2728 1005 2787 insedit
1019 2736 1152 2787 ovantes.
1322 2730 1379 2787 690

390 2820 583 2883 Concurrunt
597 2820 763 2898 Tyrrhenas
778 2821 884 2890 ecies3
908 2831 996 2898 etque
1011 2822 1147 2881 omnibus
1162 2820 1224 2893 uni,

390 2914 451 2974 Uni
463 2916 598 2992 odiisque
612 2916 677 2976 viro
689 2915 817 2992 telisque
832 2916 1037 2991 frequentibus
1050 2916 1170 2975 instent.

391 3010 458 3083 Ille,
474 3012 555 3070 velut
570 3030 669 3088 rupes,
685 3020 801 3070 vastum
817 3031 884 3087 quse
899 3012 995 3090 prodit
1008 3013 1038 3072 in
1053 3032 1166 3089 sequor,

390 3104 490 3164 Obvie
502 3112 655 3164 ventorum
671 3105 765 3176 furiis,
781 3113 966 3182 expostaque
981 3114 1080 3183 ponto,

390 3198 460 3259 Vim
475 3208 614 3258 cunctam
627 3206 718 3274 etque
732 3199 827 3258 minus
842 3198 952 3276 perfert
965 3200 1095 3277 coelique
1109 3200 1271 3277 murisque,
1319 3201 1378 3259 695

391 3294 462 3374 lpse
475 3295 596 3353 immma
608 3272 752 3364 ms‘nens3
776 3294 889 3371 prolem
902 3292 1098 3354 Dolichaonis
1111 3294 1252 3355 Hebrum

391 3389 503 3449 Sternit
516 3388 608 3460 humi,
623 3407 693 3448 cum
707 3406 766 3465 quo
778 3387 941 3465 Latagum,
957 3385 1154 3465 Palmumque
1165 3388 1328 3465 fugacem:

390 3484 450 3541 Sed
463 3483 613 3560 Letegum
626 3501 700 3541 sexo
715 3490 806 3557 etque
820 3480 933 3559 ingenti
947 3480 1092 3559 fragmine
1107 3480 1214 3541 montis

390 3575 528 3654 Occupat
541 3596 576 3635 os
589 3575 757 3651 faciemque
771 3566 929 3634 adversam
942 3594 951 3645 ;
975 3574 1083 3652 poplite
1097 3572 1234 3635 Palmum

391 3671 516 3730 Succiso
530 3669 609 3728 volvi
622 3688 746 3748 segnem
760 3668 841 3740 sinit,
857 3687 1000 3744 armaque
1018 3667 1121 3728 Lauso
1322 3670 1380 3727 700

389 3763 490 3822 Donet
505 3762 617 3823 bebere
630 3761 772 3833 humeris,
788 3769 818 3819 et
833 3761 945 3820 vertice
960 3761 1054 3839 figere
1069 3760 1186 3821 cristes.

390 3857 457 3916 Nec
472 3877 530 3915 non
545 3856 705 3916 Euanthen
718 3854 893 3933 Phrygium,
909 3853 1086 3931 Paridisque
1100 3854 1249 3913 Mimanta

390 3950 557 4026 AEquelem
569 3949 767 4026 comitemque
782 3968 791 4018 ;
816 3946 877 4007 uni
891 3967 980 4025 quem
994 3956 1081 4007 nocte
1096 3946 1222 4007 Tbeano

392 4042 427 4102 ln
440 4043 539 4102 lucem
551 4044 680 4121 genitori
693 4044 811 4121 Amyco
824 4042 915 4115 dedit,
931 4035 965 4101 et‘
975 4042 1040 4101 fece
1055 4062 1215 4121 praegnsus

392 4135 510 4196 Cisseis
522 4137 628 4215 regina
641 4135 732 4195 Perin
747 4156 755 4194 :
777 4136 865 4197 Paris
879 4139 952 4195 urbe
968 4134 1094 4214 peternd
1324 4138 1381 4199 705

391 4228 530 4288 Occubat
545 4249 553 4297 ;
577 4230 714 4309 ignauum
723 4230 862 4289 Laurens
876 4229 965 4289 habet
979 4250 1032 4289 ora
1045 4230 1199 4291 Mimante.

391 4323 439 4381 Ac
453 4322 533 4381 velut
547 4322 597 4380 illo
611 4342 720 4382 cenum
733 4342 833 4383 morsu
848 4323 885 4383 de
900 4324 1047 4385 montibus
1061 4323 1130 4383 altis
