3167 5234
550 544 724 595 &mutuos
743 548 814 596 mu.
827 548 875 595 vl.
1145 554 1205 615 205

223 681 324 759 Atque
337 682 409 741 huie
422 701 596 761 responsum
609 686 713 764 psuois
726 686 768 744 ita
780 686 907 746 reddidit
921 686 1029 747 herou:

223 774 306 833 Nulli
318 782 404 833 carta
416 774 543 844 domun
565 776 642 835 lucis
655 777 822 837 habitamus
836 780 949 856 opsois,
1043 776 1047 796 ‘

222 867 429 945 Ripurumque
441 879 524 928 toros
536 877 567 927 et
581 879 666 947 prata
678 873 814 930 recentia
826 872 898 931 rivis

220 960 392 1020 Inooiimus.
424 961 485 1019 Sed
499 982 562 1033 vos,
577 964 604 1021 ai
617 965 674 1021 sart
688 965 730 1023 ita
742 966 833 1025 eorde
848 966 994 1037 voluntas,
1147 968 1205 1027 eto

222 1053 293 1113 Hoc
306 1066 447 1132 superata
463 1055 571 1134 jugum
583 1076 592 1126 ;
615 1066 646 1115 et
658 1058 740 1117 saoiii
755 1058 818 1135 jam
832 1060 949 1119 tramite
963 1060 1075 1121 sistam.

221 1144 317 1218 Dixit,
331 1156 362 1205 at
376 1146 445 1207 ante
459 1148 526 1207 tulit
538 1169 687 1227 gressum,
702 1170 884 1229 camposque
898 1153 1026 1213 nitentes

221 1236 364 1317 Desuper
376 1248 525 1299 ostentat:
547 1240 655 1301 dehine
669 1262 784 1302 summa
798 1245 954 1303 cacumina
966 1246 1112 1323 linquunt.

260 1330 304 1391 At
319 1340 403 1409 pater
413 1334 563 1393 Anchises
578 1336 694 1412 penitius
712 1337 848 1395 convalle
863 1338 970 1397 virenti

221 1424 361 1484 Inclusas
374 1425 499 1499 unimus,
514 1447 715 1506 superumque
729 1429 767 1487 ad
781 1429 880 1489 lumen
895 1430 998 1503 ituras,
1147 1433 1205 1494 600
1256 1429 1263 1468 ”

222 1517 386 1577 Lustrabat
399 1519 496 1579 studio
506 1521 645 1579 recolens
658 1541 666 1591 ;
689 1542 865 1599 omnemque
879 1542 1000 1583 suorum

194 1611 199 1656 ²
222 1609 315 1669 Forte
329 1613 506 1671 moeurebat
519 1601 684 1685 nuuierum,
698 1633 846 1691 carosque
861 1624 994 1693 nepotes,

197 1717 204 1765 t
223 1702 370 1780 Fataque,
385 1705 579 1783 fortunasque
594 1702 699 1777 virium,
715 1725 884 1784 moresque,
900 1726 1074 1784 manusque.

225 1794 325 1872 Isque,
341 1798 392 1857 ubi
405 1798 575 1857 tendentem
587 1799 747 1858 adversum
759 1820 814 1877 per
827 1800 964 1878 gramina
977 1800 1048 1861 vidit

219 1888 358 1961 AEnsan,
374 1891 484 1949 alacris
497 1892 610 1969 palmas
624 1900 766 1969 utrasque
779 1893 903 1953 tetendit
919 1914 927 1963 3
1147 1894 1206 1955 660

222 1982 396 2061 Effusaeque
410 1985 496 2064 genis
508 1986 672 2062 iacrymae3
694 1998 725 2045 et
739 2006 796 2045 vox
809 1986 919 2045 excidit
933 2004 1007 2047 ore:

223 2074 342 2135 Venisti
353 2077 483 2149 tandem,
498 2086 609 2154 tuaque
623 2087 758 2156 spectata
775 2080 893 2157 parenti

222 2168 303 2228 Vicit
314 2170 372 2229 iter
385 2170 491 2230 durum
503 2172 599 2249 pietas
613 2176 621 2231 Ι
643 2173 730 2232 datur
743 2192 798 2230 ora
810 2174 898 2245 tueri,

223 2262 313 2335 Nate,
327 2271 390 2334 tua,
404 2272 435 2322 et
449 2272 535 2323 notas
550 2266 654 2325 audire
667 2279 697 2323 et
712 2265 838 2325 reddere
853 2268 964 2325 voees!

222 2356 272 2415 Sia
285 2356 424 2432 equidem
443 2355 589 2415 ducebam
601 2358 709 2429 animo,
722 2360 872 2435 rebarque
887 2358 1027 2431 futurum,
1148 2361 1207 2417 690

223 2448 373 2526 Tempora
386 2448 577 2509 dinumerans
590 2471 599 2521 ;
622 2470 679 2511 neo
692 2470 739 2510 me
752 2470 820 2509 mea
833 2471 907 2509 eura
919 2450 1032 2511 fefellit.

224 2541 310 2609 Quas
322 2561 381 2620 ego
393 2552 423 2601 ta
437 2554 534 2603 terras
547 2553 577 2603 et
591 2553 703 2621 quanta
716 2564 769 2622 per
782 2562 904 2622 equora
919 2553 1038 2605 vectum

223 2636 347 2713 Accipio
361 2639 368 2695 t
390 2637 508 2713 quantis
520 2638 677 2713 jactatum,
693 2647 773 2710 nata,
789 2637 930 2715 periclis!

224 2728 325 2796 Quam
337 2731 439 2802 metui,
455 2750 493 2789 na
508 2732 579 2809 quid
592 2731 697 2809 Libyae
710 2732 765 2791 tibi
777 2751 873 2809 regns
886 2739 1029 2790 nocerent
1044 2733 1052 2791 i

222 2820 277 2881 Ille
291 2832 392 2881 autem
407 2843 414 2881 ε
435 2824 505 2883 Tua
517 2844 575 2896 rna,
591 2826 720 2903 genitor,
735 2834 788 2883 tua
801 2825 894 2883 tristis
909 2824 1018 2903 imago,
1148 2825 1206 2885 695

224 2916 339 2992 Saepius
351 2933 524 2988 occurrens,
538 2918 605 2977 ittae
618 2918 720 2977 limina
731 2918 855 2977 tendere
870 2918 978 2995 adegit.

224 3008 308 3067 Stant
320 3009 385 3067 sale
398 3009 556 3087 Tyrrheno
569 3010 693 3071 classes.
735 3010 786 3069 Da
798 3011 927 3089 jungere
942 3010 1086 3085 dextram,

223 3099 283 3171 Da,
296 3101 436 3179 genitum
459 3111 548 3179 teque
562 3105 699 3181 amplexu
713 3124 752 3162 ne
765 3104 908 3164 subtrahe
923 3114 1034 3165 nostru.

224 3194 274 3251 Sic
286 3213 463 3265 memorans,
478 3194 564 3273 largo
578 3195 649 3255 fletu
662 3197 749 3256 simul
768 3216 823 3256 orn
835 3198 961 3275 rigabat.

222 3284 284 3344 Tar
297 3295 422 3345 conatus
435 3288 476 3345 ibi
489 3289 566 3347 collo
580 3289 652 3347 dare
667 3291 792 3348 brachie
805 3290 919 3349 circium
932 3308 941 3361 ;
1149 3291 1208 3349 700

221 3378 285 3437 Ter
298 3379 409 3438 frustra
421 3400 598 3459 comprensa
610 3402 716 3441 manus
729 3383 833 3461 effugit
848 3382 957 3461 imago,

221 3471 411 3532 Parietibus
425 3476 531 3547 ventis,
547 3477 720 3553 volucrique
734 3477 882 3535 simillime
896 3494 1008 3537 somno.

263 3566 384 3626 Interea
397 3568 476 3649 videt
489 3568 609 3629 AEneas
622 3570 652 3629 in
667 3570 744 3628 valle
757 3569 884 3629 reducti

223 3660 380 3719 Seuiusum
393 3680 508 3733 nemus,
523 3672 554 3721 et
568 3663 697 3741 virgulta
709 3664 846 3722 souamia
859 3660 951 3735 silvis,

170 3740 179 3822 i
220 3751 449 3829 Lamumque,
463 3754 566 3813 domos
580 3756 714 3834 placidas
728 3757 779 3833 qui
792 3764 948 3835 praenatat,
964 3772 1089 3817 amnem.
1148 3758 1213 3817 'tot'

222 3844 315 3903 Hune
330 3847 442 3905 circum
456 3848 619 3907 innumerae
633 3857 738 3926 gentes
752 3848 910 3925 populique
925 3849 1085 3909 volabant:

222 3939 279 4011 Ae,
295 3940 386 3999 veluti
401 3940 430 3998 in
445 3942 547 4018 pratis,
565 3942 615 3999 ubi
630 3961 703 4019 apes
717 3950 821 3999 astate
836 3940 945 4001 sereni

222 4030 361 4091 Floribus
375 4033 504 4093 insidunt
518 4035 619 4107 variis,
634 4042 664 4093 et
678 4034 805 4093 eandida
819 4034 932 4093 cneum

222 4123 302 4183 Lilia
313 4126 476 4185 funduntur
488 4146 498 4197 ;
519 4128 624 4205 strepit
643 4128 738 4186 omnis
751 4147 902 4187 murmura
916 4148 1047 4207 eampua.

219 4216 382 4277 Horrescit
395 4221 461 4279 visu
475 4222 584 4293 subito,
599 4240 768 4299 oauanue
786 4222 912 4298 requirit
1146 4226 1206 4287 tto
1238 4250 1241 4257 ⁴

220 4308 340 4370 Inscius
354 4310 481 4389 Eum,
498 4334 565 4393 quas
578 4314 637 4374 sint
650 4334 688 4379 ea
701 4316 824 4375 dumus
837 4314 935 4394 porrd,

540 4412 574 4465 10
