3167 5234
361 557 402 614 '14
650 549 676 598 r.
694 548 864 596 vmnrnn
883 547 1058 596 ussurus

362 689 441 752 Mox
454 697 519 754 erat
532 683 702 768 boo'ipsum
713 689 815 762 exitio,
830 687 976 766 furiisque
989 686 1096 747 retesti

361 784 529 858 Ardebant,
545 785 660 864 ipsique
675 803 757 856 suos,
769 783 833 860 jam
845 792 941 842 morte
953 784 1009 841 sub
1025 779 1109 861 agri

364 881 421 960 (Di
435 881 560 942 meliora
574 880 640 958 piis,
654 897 855 955 erroremque,
863 877 997 936 hostibus
1010 877 1094 939 illum
1104 874 1135 956 l)

361 975 516 1036 Diseissos
530 975 617 1034 nudis
631 974 783 1033 laniabant
797 971 935 1032 dentibus
949 978 1042 1030 artus.

401 1070 486 1130 Eece
501 1077 601 1130 autem
615 1067 690 1128 duro
704 1067 822 1126 minans
836 1069 892 1126 sub
907 1085 1027 1124 vomere
1040 1073 1146 1126 taurus

363 1161 521 1236 Concidit‚'
531 1171 560 1224 et
574 1163 697 1224 mixtum
711 1161 823 1240 spumis
837 1160 927 1220 vomit
941 1179 994 1220 oro
1008 1179 1157 1232 eruorem,

360 1258 581 1334 Extremosque
597 1257 656 1316 ciet
670 1246 800 1335 gemitus
814 1274 821 1312 ε
843 1256 865 1312 it
879 1254 973 1314 tristis
986 1263 1097 1327 arator,

362 1351 547 1412 Moersntem
560 1351 728 1429 abjungens
742 1347 878 1409 fraterna
890 1357 984 1408 morte
994 1348 1179 1425 juvencum

360 1445 463 1522 Atque
477 1463 568 1522 opere
582 1445 612 1504 in
626 1444 723 1504 medio
737 1443 837 1502 defixa
849 1442 970 1519 reliquit
983 1451 1094 1502 aratra.

360 1537 391 1602 N
393 1557 433 1598 on
446 1540 558 1598 umbras
573 1539 701 1598 altorum
714 1557 880 1608 nemorum,
896 1556 957 1594 non
969 1536 1071 1594 mollia
1084 1543 1207 1613 possunt
1292 1515 1352 1596 500

360 1631 454 1691 Prata
467 1651 587 1692 movere
602 1632 743 1704 animum,
759 1649 820 1690 non
834 1631 884 1708 qui
898 1649 952 1708 per
964 1649 1040 1690 saxa
1052 1631 1171 1690 volutus

261 1737 263 1740 '
360 1725 470 1786 Purior
482 1727 597 1786 electro
610 1745 748 1804 eampum
762 1726 835 1802 petit
850 1726 943 1784 amnis
958 1744 965 1782 :
988 1724 1092 1783 etima

362 1821 523 1880 Solvuntur
536 1822 642 1892 latera,
659 1830 749 1898 atque
763 1821 868 1879 oeulos
882 1829 985 1897 stupor
999 1826 1085 1924 urget
1099 1819 1222 1892 inertes,

360 1913 410 1972 Ad
423 1922 593 1992 terramque
606 1914 669 1974 fluit
684 1914 798 1974 devexo
817 1912 948 1992 pondere
962 1913 1074 1972 eorvis

361 2010 443 2080 Quid
458 2011 544 2071 labor
557 2019 608 2070 aut
622 2010 782 2070 benesaeta
798 2010 904 2087 juvant
920 2009 931 2066 i
954 2008 1024 2086 quid
1039 2028 1158 2071 vomere
1171 2017 1270 2072 terras
1291 1969 1351 2069 505

361 2103 525 2166 invertisse
539 2123 650 2184 graves
666 2104 677 2161 i
699 2105 782 2181 atqui
796 2125 856 2166 non
869 2104 1004 2164 Massica
1018 2101 1135 2165 Baeobi

359 2196 501 2272 Munera,
517 2218 577 2258 non
592 2200 650 2258 illis
663 2200 760 2277 epulae
775 2196 907 2259 nocudre
920 2196 1071 2276 reposto:

359 2291 532 2352 Frondibus
545 2301 575 2352 et
589 2293 668 2353 viotu
684 2301 849 2371 pascuntur
860 2291 1003 2370 simplicis
1017 2290 1118 2350 herbae
1131 2310 1140 2361 ;

358 2385 474 2447 Pocula
488 2395 557 2446 sunt
570 2387 666 2446 sontes
679 2387 796 2464 liquidi,
811 2395 901 2464 atque
915 2386 1048 2444 exercita
1061 2405 1154 2446 eursu

358 2479 520 2552 Flumina3
544 2501 601 2540 neo
615 2500 735 2540 somnos
750 2480 898 2558 abrumpit
910 2499 986 2539 eura
999 2480 1146 2540 salubres.
1291 2482 1351 2542 500

398 2575 547 2652 Tempore
562 2595 621 2636 non
635 2577 694 2636 alio
709 2575 810 2636 dieunt
824 2575 998 2654 regionibus
1010 2575 1069 2634 illis

360 2667 513 2735 Quaesitas
526 2669 562 2728 ad
577 2689 665 2729 seona
679 2671 772 2730 boves
785 2669 807 2728 J
809 2669 925 2740 ononis,
940 2676 971 2728 et
985 2668 1047 2728 uris

359 2759 528 2837 Imparibus
542 2761 646 2820 ductos
662 2763 723 2822 alta
737 2763 774 2822 ad
789 2762 915 2822 donaria
927 2781 1044 2822 eumue.

358 2853 444 2932 Ergo
459 2854 540 2932 aegrd
555 2856 659 2914 rastris
673 2865 784 2915 terrem
798 2856 954 2927 rimantur,
970 2864 1001 2916 et
1014 2855 1086 2934 ipsis

358 2945 518 3026 Unguibus
531 2948 675 3008 infodiunt
689 2949 804 3028 fruges,
820 2958 996 3026 montesque
1011 2969 1065 3027 per
1078 2950 1154 3009 altos
1289 2951 1348 3012 535

359 3038 512 3100 Contenti
525 3042 644 3100 eerviee
659 3043 780 3102 trahunt
794 3043 950 3103 stridentia
967 3044 1110 3120 plaustra.

398 3133 427 3193 N
429 3154 468 3192 on
483 3134 571 3212 lupus
584 3135 707 3194 insidias
721 3137 856 3214 exploret
869 3137 960 3196 ovilia
972 3138 1097 3210 cir-eum,

358 3227 387 3287 N
390 3247 426 3286 eo
439 3229 583 3307 gregibus
597 3237 760 3288 nocturnus
774 3231 945 3290 obambulat
959 3250 967 3301 ;
991 3232 1091 3290 acrior
1107 3231 1191 3292 illum

358 3320 445 3381 Cura
459 3322 578 3382 domat:
601 3323 693 3382 timidi
707 3323 803 3382 damas
817 3325 960 3401 cervique
974 3324 1100 3403 sugaoes

357 3414 386 3474 N
390 3435 448 3476 une
461 3415 599 3493 interque
613 3437 706 3478 canes
719 3425 749 3476 et
764 3419 877 3478 eireum
891 3427 973 3478 tecta
985 3426 1143 3498 vagantur.
1286 3421 1347 3480 540

356 3509 377 3568 J
378 3529 426 3568 am
440 3511 531 3571 maris
545 3513 681 3572 immensi
695 3515 809 3591 prolem
822 3524 852 3572 et
865 3534 963 3593 genus
975 3534 1062 3574 omne
1075 3511 1239 3588 nutantdm,

356 3601 472 3663 Littore
487 3605 516 3664 in
531 3619 673 3678 extremo,
689 3627 746 3666 eeu
762 3607 912 3686 naufraga
926 3628 1063 3686 corpora,
1078 3609 1188 3670 fluctus

355 3701 471 3762 Proluit
486 3721 493 3760 ε
518 3703 643 3763 insolita
658 3703 775 3782 fugiunt
789 3705 820 3763 in
832 3705 956 3764 flumina
969 3706 1083 3783 phocas.

356 3795 462 3857 Interit
475 3805 505 3856 et
519 3799 619 3858 curvis
633 3798 743 3860 frustra
756 3798 881 3859 detensa
893 3800 1016 3859 latebris

355 3887 478 3968 Vipera,
494 3899 523 3950 et
538 3893 654 3954 attoniti
668 3893 801 3971 squamis
815 3893 1001 3952 adstantibus
1014 3893 1113 3972 hydri.
1284 3895 1344 3958 645
1386 3889 1393 3902 ’

355 3982 433 4060 Ipsis
448 3992 493 4042 est
507 3987 560 4044 adr
574 3987 679 4048 avibus
694 4007 754 4048 non
768 4007 883 4064 aequus,
898 3997 930 4048 et
942 3988 1001 4050 illae

355 4075 530 4156 Pracipites
544 4079 606 4140 ant
619 4082 708 4142 vitam
722 4085 777 4142 sub
792 4086 872 4144 nube
886 4084 1066 4161 relinquunt.

353 4170 510 4231 Praeterea
524 4173 588 4250 jam
601 4193 658 4234 neo
672 4177 778 4236 mutari
793 4178 904 4254 pabula
915 4177 1018 4250 refert,

355 4265 560 4342 Quasitaequo
575 4276 684 4327 nocent
699 4279 800 4329 artes:
823 4268 945 4332 contre
958 4271 1104 4349 magistri,

270 4449 278 4470 κ
353 4357 533 4439 Phillyrides
548 4359 673 4434 Chiron,
688 4364 967 4443 Amythaoniusque
979 4365 1159 4446 Melampus.
1282 4366 1344 4426 550
