3167 5234
342 594 384 649 44
627 586 653 633 Ρ.
672 584 837 633 VlllGlLll
857 584 1030 634 usitoms

341 722 371 783 N
373 722 507 785 escivdre
521 724 658 795 hiemem,
673 722 753 783 testd
765 742 855 801 quum
870 724 992 783 ardente
1006 722 1137 783 riderent

342 818 510 876 Scintillam
524 819 622 875 oleum
635 826 664 874 et
679 826 780 895 putres
795 836 991 875 concrescere
1006 817 1122 895 fungos.

380 911 409 969 N
411 930 447 969 ec
460 910 556 969 minito
570 930 607 968 ex
624 911 711 968 imbri
724 910 804 967 soles
818 918 847 968 et
861 924 965 987 aperte
978 928 1087 969 serens

340 1004 528 1081 Prospicere‚
544 1012 575 1062 et
589 1004 679 1061 certis
697 1003 807 1080 poteris
821 1022 1005 1080 cognoscere
1019 1002 1112 1081 signis
1126 1021 1134 1061 ι

339 1096 419 1156 Nam
438 1116 535 1173 neque
549 1107 612 1154 tum
624 1096 717 1154 stellis
731 1096 813 1153 scies
827 1098 933 1154 obtusa
947 1096 1073 1167 videtur,

339 1190 369 1247 N
371 1209 407 1247 ec
421 1190 519 1248 fratris
534 1190 625 1247 radiis
638 1189 766 1247 obnoxia
779 1208 904 1266 surgere
918 1188 1015 1260 Luna,

338 1283 458 1341 Tenuis
474 1301 531 1341 nec
545 1284 621 1340 lause
636 1301 690 1359 per
701 1282 811 1340 coelum
825 1282 937 1339 vellere
951 1281 1023 1339 semi
1035 1300 1043 1350 3

339 1376 408 1435 Non
421 1375 553 1452 tepidum
566 1374 604 1432 ed
617 1375 709 1433 solem
725 1394 837 1452 penum
852 1374 881 1431 in
895 1374 992 1433 littore
1007 1374 1138 1451 pendunt

338 1470 467 1529 Dilectae
480 1470 601 1527 Thetidi
613 1469 755 1545 alcyones
770 1488 779 1537 3
802 1488 859 1526 non
874 1488 925 1527 ore
940 1470 1051 1527 solutos

339 1562 485 1621 Immundi
498 1560 658 1621 meminere
671 1581 742 1619 sues
757 1563 874 1638 jactare
889 1561 1042 1639 meniploe.

339 1656 379 1714 At
392 1656 509 1713 nebulae
522 1655 619 1733 magis
632 1656 692 1712 ime
705 1664 817 1731 petunt,
833 1674 997 1731 campoque
1012 1656 1187 1715 recumbunt
1202 1672 1211 1725 3

340 1750 417 1807 Solis
431 1756 461 1806 et
474 1768 617 1807 meeum
628 1767 753 1807 servans
766 1747 803 1805 de
817 1747 945 1805 culmine
959 1766 1071 1805 summo

338 1841 550 1919 Nequidquam
563 1861 648 1900 seros
661 1850 781 1899 exercet
795 1850 905 1899 noctua
918 1848 1025 1899 cantus
1038 1860 1046 1897 :

339 1936 471 2012 Apparet
487 1935 600 2012 liquido
612 1935 746 1993 sublimis
759 1935 789 1993 in
804 1936 874 1993 adro
889 1934 992 2005 Nisus,

338 2027 380 2086 Et
395 2048 448 2105 pro
462 2047 611 2106 purpureo
624 2048 729 2105 poeuss
742 2027 792 2085 dat
808 2026 908 2104 Scylla
922 2026 1030 2104 capillo
1046 2046 1054 2097 3

340 2118 540 2197 Quicumque
555 2122 607 2179 illa
619 2122 715 2179 levem
729 2121 847 2199 fugiens
860 2129 942 2178 secat
961 2121 1072 2179 aethera
1086 2120 1201 2197 pennis,

338 2214 423 2273 Ecce
438 2216 584 2287 iuimicus,
599 2224 695 2285 atrox,
708 2234 816 2292 magno
830 2214 955 2272 stridore
970 2234 1023 2292 per
1036 2234 1126 2273 auras

339 2307 511 2384 Insequitur
524 2309 618 2366 Nisus
634 2326 642 2376 3
666 2306 727 2384 qud
739 2326 773 2365 se
787 2307 843 2365 sert
863 2306 956 2365 Nisus
970 2307 1008 2365 ad
1022 2326 1123 2379 auras,

338 2400 395 2459 llla
409 2402 505 2459 levem
519 2401 636 2479 fugiens
649 2402 755 2479 raptim
769 2408 854 2458 secat
869 2400 981 2458 retbere
996 2400 1101 2477 pennis
1116 2418 1124 2457 r

339 2492 418 2551 Tum
429 2494 555 2570 liquidas
569 2494 652 2553 corvi
667 2512 770 2571 presso
782 2502 831 2551 ter
843 2502 963 2572 gutture
978 2513 1068 2551 voces

339 2584 401 2643 Aut
416 2595 521 2662 quotes
534 2586 715 2663 ingeminant
731 2605 739 2656 3
762 2596 791 2644 et
806 2586 885 2663 saepd
900 2588 1047 2645 cubilibus
1062 2586 1139 2659 altis,

339 2678 452 2737 Nescio
467 2677 527 2753 qud
540 2689 649 2755 prater
661 2680 781 2737 solitum
792 2680 948 2737 dulcedine
963 2680 1033 2751 laeti,

340 2768 424 2829 Inter
436 2790 470 2829 se
484 2771 560 2829 loliis
573 2771 729 2848 strepitant
743 2789 751 2839 3
770 2771 866 2847 juvat,
882 2773 1024 2831 imbribus
1038 2773 1123 2845 actis,

339 2862 518 2941 Progeniem
532 2882 655 2941 pervum
667 2863 831 2940 dulcesque
845 2864 976 2923 revisere
990 2865 1084 2925 nidos.

378 2956 472 3015 Haud
485 2956 622 3034 equidem
637 2956 738 3026 credo,
754 2957 826 3034 quia
839 2957 876 3015 sit
889 2958 1026 3017 divinitus
1041 2960 1098 3019 illis

339 3048 506 3127 Ingenium,
523 3059 575 3107 aut
588 3068 688 3107 rerum
702 3049 763 3107 sato
778 3050 933 3127 prudentia
949 3052 1062 3128 major:

338 3142 463 3213 Verium,
478 3143 529 3201 ubi
541 3151 702 3220 tempestas
716 3151 745 3200 et
759 3142 830 3200 coeli
842 3144 958 3201 mobilis
972 3145 1077 3203 humor

338 3233 496 3294 Mutavere
511 3236 584 3307 vias,
600 3244 630 3292 et
642 3235 761 3313 Jupiter
774 3236 881 3293 uvidus
897 3238 1006 3295 austris

337 3327 464 3400 Deneet,
480 3337 566 3386 erent
580 3346 646 3404 quar
661 3346 730 3385 rara
743 3327 841 3399 modd,
858 3336 898 3399 et,
916 3348 982 3405 quse
995 3330 1100 3401 deum,
1116 3330 1242 3403 relaxat,

337 3420 503 3479 vertuntur
516 3422 633 3498 epeciee
646 3421 821 3491 animorum,
837 3434 866 3478 et
885 3431 1007 3498 pectora
1021 3432 1117 3481 motus

338 3514 367 3573 N
370 3532 428 3571 unc
442 3513 526 3585 alios,
543 3514 628 3583 alios,
644 3513 715 3571 dum
727 3514 830 3571 nubila
843 3526 949 3573 ventus
963 3518 1082 3593 agebat,

339 3606 540 3684 concipiunt:
563 3606 632 3663 binc
645 3606 695 3663 ille
709 3607 808 3663 avium
822 3616 985 3666 concentus
999 3610 1029 3665 in
1042 3608 1134 3688 agris,

336 3700 378 3759 Et
391 3699 467 3759 loeta
482 3700 622 3777 pecudes,
638 3708 669 3757 et
681 3706 805 3757 ovantes
819 3708 938 3778 gutture
953 3702 1043 3761 corvi.

376 3794 408 3851 Si
421 3792 492 3851 verb
507 3794 600 3851 solem
613 3792 651 3851 ad
668 3792 804 3871 rapidum
818 3793 961 3871 lunasque
976 3802 1136 3871 sequentes

338 3885 449 3943 Ordine
463 3887 616 3963 respicies,
632 3906 782 3963 nunquam
795 3895 826 3945 te
840 3888 969 3947 crestine
985 3889 1065 3947 sallet

337 3977 435 4049 Hora,
452 3998 549 4055 neque
562 3980 675 4038 insidiis
688 3981 785 4038 noctis
796 3978 916 4058 capides
931 4000 1054 4041 serene.

337 4070 424 4129 Luna
438 4080 624 4130 revertentes
638 4092 727 4149 quum
741 4073 863 4152 primirm
878 4074 990 4153 colligit
1004 4075 1099 4151 ignes,

339 4164 371 4223 Si
388 4164 506 4243 nigrum
517 4166 646 4223 obscuro
659 4168 876 4243 comprenderit
890 4170 962 4228 odra
976 4186 1079 4239 comu,

336 4254 487 4315 Maximus
504 4256 644 4335 agricolis
658 4258 824 4336 pelagoque
838 4261 991 4338 parabitur
1004 4261 1107 4319 imber.

337 4351 388 4424 At,
403 4350 430 4411 ei
444 4351 610 4431 virgineum
621 4350 776 4411 suffuderit
789 4372 842 4413 ore
853 4356 1001 4427 ruborem,

1260 3424 1320 3484 420

1260 3886 1318 3947 425

1260 4354 1319 4415 sto
