3167 5234
511 578 517 591 .
538 546 713 599 AEnmnos
733 550 803 598 ΗΒ.
817 550 880 597 ΧΗ.

212 686 275 747 olli
287 686 364 747 dura
377 686 463 763 quies
477 686 581 745 oculos
593 693 624 746 et
637 687 753 749 ferreus
767 698 855 767 urget

213 782 340 840 Somnus
354 800 363 850 3
386 781 418 839 in
431 788 574 839 aetemam
588 780 769 841 clauduntur
781 783 895 841 lumina
908 790 1034 841 noctem.

250 878 293 934 At
308 876 375 953 pius
388 874 508 933 AEneas
522 874 655 933 dextram
668 878 810 935 tendebat
824 877 976 947 inermem,

212 969 242 1029 N
244 968 336 1028 udato
348 968 458 1046 cupite,
475 976 564 1043 atque
578 988 649 1027 suos
662 970 794 1028 clamore
809 972 957 1027 vocabat:

212 1061 284 1131 Quo
298 1062 384 1120 ruitis
397 1061 408 1117 ἰ
430 1080 535 1138 quaero
548 1062 607 1119 ista
619 1081 729 1139 repens
741 1063 893 1121 discordia
906 1063 1002 1142 surgit
1017 1062 1028 1121 ?

212 1156 241 1215 Ο
254 1155 392 1215 cohibete
406 1156 487 1213 bas!
509 1155 601 1213 ictum
610 1156 672 1231 jam
686 1157 794 1228 soedus,
811 1166 841 1215 et
857 1176 960 1215 omnes

213 1247 394 1328 Composita
408 1249 492 1327 leges
506 1268 514 1319 ;
537 1249 608 1307 mibi
618 1251 669 1325 jus
684 1242 865 1310 concurr'ere
880 1251 936 1310 oli
948 1270 957 1321 3

210 1343 264 1403 Me
279 1343 377 1414 sinite,
393 1350 483 1419 utque
499 1343 614 1401 auferte
627 1352 734 1403 metus.
775 1345 844 1423 Ego
859 1344 973 1403 foedere
985 1344 1053 1403 saxo

212 1436 317 1496 Firma
331 1453 422 1493 manu
437 1454 445 1491 τ
466 1436 603 1495 Turnum
611 1436 675 1512 jam
689 1437 799 1495 debent
813 1438 878 1497 boeo
892 1438 964 1497 mibi
977 1454 1074 1497 sacra.

211 1528 283 1588 Hes
296 1529 374 1587 inter
387 1548 488 1599 voces,
504 1528 604 1587 media
616 1529 695 1587 inter
708 1530 780 1588 talia
795 1532 898 1601 verba,

214 1623 307 1694 Ecce,
324 1622 387 1680 viro
399 1621 529 1680 stridens
543 1621 598 1680 alis
611 1623 726 1700 allapsu
743 1622 854 1701 sagitta
867 1631 915 1681 est
929 1642 936 1679 :

212 1716 366 1775 Incertum
380 1713 441 1791 qud
456 1715 541 1793 pulsa
553 1734 653 1786 manu,
670 1735 730 1793 quo
743 1716 861 1775 turbine
879 1716 1008 1786 adactu

212 1809 291 1878 Quis
302 1816 418 1867 tentam
430 1809 552 1867 Rutulis
567 1808 696 1880 laudem,
712 1828 852 1880 casusne,
869 1809 993 1882 deusne,

215 1903 362 1963 Attulerit
397 1903 518 1961 'Pressa
530 1911 576 1961 est
589 1904 714 1981 insignis
727 1903 824 1981 glorie
838 1903 909 1961 facti
924 1922 933 1973 ;

212 1996 280 2058 Nec
294 2016 363 2054 sese
376 1997 488 2055 AEnere
498 1996 623 2072 jactavit
637 1997 761 2054 vulnere
776 1997 942 2073 quisquam.

251 2089 386 2161 Turnus,
402 2099 434 2148 ut
447 2089 571 2147 AEnean
584 2089 741 2147 cedentem
755 2108 792 2147 ex
807 2090 926 2167 agmine
940 2088 1022 2161 vidit,

214 2183 426 2261 Turbatosque
440 2185 544 2256 duces,
560 2184 661 2243 subite
673 2204 726 2263 spe
742 2184 872 2244 fervidus
887 2185 992 2256 ardet:

213 2278 316 2339 Poscit
329 2297 425 2355 equos
438 2286 528 2354 atque
543 2278 737 2350 armasimul,
754 2278 893 2355 saltuque
908 2280 1055 2356 superbus

213 2372 334 2431 Emicat
347 2372 379 2431 in
393 2391 525 2443 currum,
540 2380 570 2430 et
583 2373 721 2429 manibus
734 2372 853 2429 molitur
866 2372 1010 2432 habenas.

214 2464 313 2524 Multa
326 2466 423 2524 virbm
437 2466 564 2524 volitans
578 2464 628 2524 dat
642 2465 729 2523 fortia
742 2484 870 2542 corpora
882 2464 942 2523 leto
955 2484 963 2534 ;

216 2560 391 2617 Semineces
404 2559 494 2617 volvit
508 2559 626 2629 multos,
642 2566 694 2616 sut
708 2557 830 2636 agmins
843 2576 934 2617 curru

214 2651 356 2724 Proterit,
373 2661 423 2709 aut
436 2660 538 2729 reptes
551 2652 733 2729 fugientibus
747 2652 856 2729 ingerit
870 2652 983 2711 hastas.
1018 2646 1020 2653 ’

215 2745 325 2813 Qualis
340 2745 419 2823 apud
432 2745 523 2823 gelidi
538 2763 628 2821 quum
642 2744 763 2803 flumina
777 2744 913 2803 concitus
926 2744 1026 2803 Hebri

214 2840 406 2917 sanguineus
419 2839 542 2897 Mavors
556 2839 663 2916 clypeo
676 2839 821 2916 increpat,
838 2848 928 2915 etque
943 2838 1077 2899 furentes

213 2932 302 2993 Belle
315 2952 437 2991 movens
452 2932 579 2991 immittit
593 2951 707 3009 equos:
730 2932 773 2991 ilii
787 2952 909 3009 aequore
923 2941 1026 3011 aperto

213 3028 293 3086 Ante
308 3026 405 3085 Notos
419 3027 651 3104 Zephyrumque
665 3026 765 3085 volant
781 3046 789 3096 ;
814 3027 906 3105 gemit
920 3026 1023 3086 ultime
1037 3027 1124 3106 pulsu

214 3122 339 3183 'l'braca
352 3122 481 3200 pedum;
504 3121 676 3199 circumque
692 3130 765 3180 atras
778 3122 958 3182 Formidinis
972 3142 1037 3196 ors,
1143 3122 1203 3183 336

214 3217 345 3298 lneque,
361 3218 552 3294 Insidiaeque,
568 3218 617 3275 dei
629 3218 798 3290 comitatus,
815 3223 954 3297 aguntur.
1052 3263 1055 3271 .

217 3310 303 3371 Talis
317 3332 411 3389 equos
426 3312 528 3370 alacer
541 3312 640 3369 media
652 3312 730 3370 iuter
742 3313 849 3390 proelia
862 3313 985 3372 Turnus

218 3406 381 3465 Fumantes
395 3406 504 3464 sudore
519 3405 623 3482 quatit,
640 3404 810 3465 miserabile
825 3407 913 3465 cresis

215 3499 364 3559 Hostibus
379 3500 524 3557 insultans
538 3518 547 3568 ;
572 3499 685 3577 spargit
699 3500 804 3576 rapida
818 3500 932 3578 ungule
944 3516 1029 3558 rores

213 3595 414 3673 sanguineos,
429 3592 581 3670 mistique
595 3613 685 3651 cruor
698 3595 835 3651 calcetur
848 3592 951 3653 areni.
1143 3592 1202 3649 340

211 3688 344 3763 Jamque
354 3687 661 3764 ueoiStbeuelumque
670 3684 1202 3763 dedit‚Tbamyrimque‚Pbolumque;

212 3780 308 3841 Hunc
323 3802 505 3861 congressus
519 3791 550 3839 et
563 3782 643 3840 bunc
657 3801 665 3851 ;
691 3782 772 3840 illum
786 3780 902 3840 eminus
916 3798 923 3850 ;
949 3780 1064 3838 eminus
1077 3779 1163 3839 ambo

213 3875 409 3949 Imbrasides,
424 3876 575 3935 Glaucum
590 3883 679 3953 atque
692 3868 810 3945 Laden,
827 3893 902 3950 quos
916 3873 1069 3932 Imbrasus
1083 3872 1146 3950 ipse

213 3970 245 4030 N
247 3971 372 4029 utrierst
384 3969 494 4048 Lycii,
511 3970 691 4048 paribusque
705 3976 864 4027 ornaverat
879 3966 980 4038 armis,

211 4064 275 4123 Vel
288 4064 426 4123 conferre
440 4084 570 4136 manum,
586 4064 635 4122 vel
648 4082 727 4139 equo
741 4069 922 4139 prevertere
936 4068 1050 4121 ventos.
1144 4061 1203 4120 ³45

253 4156 346 4218 Parte
361 4156 432 4229 alit,
448 4157 547 4217 medie
559 4156 711 4216 Eumedes
724 4155 756 4213 in
769 4154 877 4233 proelio
890 4155 994 4227 fertur,

211 4252 341 4330 Antiqui
354 4252 454 4330 proles
467 4252 547 4310 bello
561 4251 709 4330 preclara
721 4247 850 4308 Dolonis
864 4268 872 4319 3

493 4348 533 4405 28
