3167 5234
525 542 703 591 &Nascus
723 544 793 590 cin.
808 542 870 590 Vll.

206 684 303 745 Fama
315 682 401 755 levia,
417 681 531 741 tantive
546 682 698 741 abolescet
711 680 810 759 gratia
823 678 893 738 sacti
909 697 917 749 ;

207 778 238 838 N
240 797 275 836 ec
288 777 412 852 Trojam
426 775 576 835 Ausonios
589 775 705 853 gremio
717 773 873 851 excepisse
888 770 1009 850 pigebit.
1048 772 1056 787 ⁸

207 872 287 945 Fata
300 892 354 950 per
365 870 479 929 AEneoe
494 869 575 945 juro,
589 869 783 945 dextramque
799 874 957 945 potentem,

207 965 276 1023 Sive
292 964 362 1036 fide,
378 982 432 1021 seu
448 962 515 1039 quie
529 962 608 1021 bello
622 970 667 1020 eat
682 970 824 1040 expertus
837 968 867 1017 et
881 959 971 1017 armis
985 978 993 1029 ;
1136 958 1196 1017 235

205 1058 296 1117 Multi
309 1078 365 1116 noe
379 1057 488 1135 populi,
504 1057 605 1115 multae
622 1057 674 1133 (ne
687 1063 798 1126 temne,
816 1053 895 1131 qudd
914 1053 992 1111 ultro

206 1150 400 1211 Praeferimua
414 1150 551 1208 manibus
564 1150 652 1208 vittae
665 1169 703 1207 ac
716 1149 809 1206 verba
822 1145 991 1225 precantia)

206 1244 247 1304 Et
261 1242 377 1321 petidre
391 1244 491 1301 sibiet
505 1240 628 1302 voluere
643 1243 808 1321 adjungere
822 1250 937 1320 gentes.

208 1337 266 1395 Sed
281 1358 337 1395 noe
351 1337 413 1395 sata
426 1333 513 1394 derim
527 1346 644 1395 vestrae
658 1337 817 1411 exquirere
832 1344 928 1393 terras

207 1430 346 1508 Imperiis
359 1429 450 1508 egere
464 1430 537 1487 auis.
578 1428 662 1487 Hinc
675 1429 840 1487 Dardanus
857 1436 939 1485 ortua
1137 1428 1196 1485 alo

207 1522 281 1582 Huc
294 1524 401 1601 repetit
414 1541 423 1592 ;
442 1522 595 1599 jussisque
611 1522 781 1600 ingentibus
797 1528 885 1599 urget
898 1520 1005 1597 Apollo

206 1616 398 1695 Tyrrhenum
412 1617 451 1675 ad
464 1617 599 1694 Tybrim,
616 1625 645 1674 et
660 1616 749 1674 fontis
762 1615 841 1673 vada
853 1634 941 1672 aacra
954 1612 1085 1674 Numici.

207 1710 271 1769 Dat
283 1711 338 1769 tibi
352 1719 499 1789 praeterea
513 1710 638 1768 fortunae
652 1728 747 1787 parva
765 1708 871 1786 prioris

207 1802 349 1875 Munera,
365 1802 508 1880 reliquias
521 1801 616 1878 Trojd
629 1822 667 1859 ex
680 1803 804 1860 ardente
818 1808 964 1879 receptae.
1099 1848 1105 1867 ,

206 1895 277 1956 Hoc
291 1904 379 1974 pater
391 1896 540 1956 Anchiseo
553 1916 627 1953 auro
640 1897 752 1953 libabat
766 1894 805 1952 ad
819 1912 910 1963 araa;
1137 1896 1196 1953 245

206 1991 279 2051 Hoc
292 1992 404 2051 Priami
416 2000 572 2071 gestamen
586 2001 662 2063 erat,
680 2010 771 2067 quum
785 1990 857 2066 jura
870 1989 983 2049 vocatia

206 2086 294 2147 More
307 2088 393 2146 daret
407 2088 523 2166 populis
536 2107 545 2157 ;
568 2096 789 2165 sceptrumque,
806 2104 953 2163 sacerque
972 2085 1075 2159 tiarae,

208 2180 395 2258 Iliadumque
410 2182 495 2239 labor
508 2188 617 2240 vertes.

244 2274 372 2332 Talibus
386 2273 493 2333 Ilionei
506 2273 593 2333 dictis
607 2274 706 2333 defixa
718 2272 847 2333 Latinus

206 2368 321 2427 Obtutu
333 2374 416 2426 tenet
430 2388 493 2439 ora,
510 2369 633 2445 soloque
648 2367 804 2426 immobilia
818 2366 922 2436 haeret,
1135 2366 1195 2423 250

205 2460 342 2519 Intentos
355 2460 477 2519 volvens
491 2461 603 2519 oculos.
645 2460 675 2519 N
676 2480 713 2518 ec
727 2478 859 2538 purpura
872 2477 976 2537 regem

204 2554 293 2613 Picta
306 2563 414 2627 movet,
430 2574 487 2614 nec
501 2563 622 2633 sceptra
635 2562 753 2613 movent
766 2554 917 2613 Priameia
929 2550 1053 2624 tantiam,

205 2646 360 2714 Quantum
373 2649 403 2706 in
417 2650 566 2707 connubio
579 2657 657 2707 nator
671 2648 862 2725 thalamoque
880 2654 1038 2717 moratur>

204 2740 245 2799 Et
260 2741 370 2799 veterio
384 2741 483 2800 Fauni
496 2743 587 2802 volvit
600 2745 656 2800 eub
671 2750 792 2820 pectore
807 2748 927 2799 sortem.

205 2832 300 2893 Hunc
313 2834 396 2892 illum
410 2835 478 2893 satis
492 2834 618 2894 externit
631 2839 669 2894 ab
685 2836 757 2894 sede
771 2836 937 2913 profectum
1134 2833 1194 2891 255

205 2926 349 2986 Portendi
360 2947 517 3006 generum,
534 2929 715 3007 paribusque
729 2929 759 2988 in
772 2947 869 3007 regna
882 2927 984 2987 vocari

205 3020 358 3097 Auspiciis
372 3040 380 3091 3
404 3021 475 3080 buic
489 3024 662 3101 progeniem
677 3023 785 3082 virtute
800 3023 930 3081 suturam

206 3111 383 3191 Egregium,
399 3123 429 3173 ct
441 3118 536 3173 totum
550 3135 617 3192 quae
632 3116 744 3174 viribus
758 3124 885 3193 occupet
899 3116 1011 3175 orbem.

206 3204 344 3265 Tandem
354 3208 440 3266 laetus
454 3208 516 3266 ait:
540 3208 583 3267 Di
597 3218 700 3267 nostra
714 3210 833 3286 incepta
847 3209 1022 3280 secundent,

204 3299 434 3377 Auguriumque
447 3304 554 3360 auum!
595 3302 736 3373 Dabitur,
754 3301 898 3378 Trojano,
917 3301 995 3378 quod
1010 3308 1105 3380 optas.
1134 3301 1193 3359 260

204 3390 336 3450 Munera
348 3412 405 3449 uec
419 3412 538 3470 sperno.
580 3394 609 3453 N
612 3414 650 3453 ou
663 3396 758 3467 vobis,
774 3414 847 3473 rege
861 3394 982 3466 Latino,

203 3482 316 3542 Divitia
329 3487 405 3544 uber
418 3486 485 3564 agri
499 3485 636 3562 'l'rojaeve
651 3488 803 3565 opulentia
815 3487 919 3545 deerit.

203 3575 275 3655 lpse
286 3577 376 3635 modb
392 3576 517 3650 AEneoe,
536 3580 645 3656 (nostri
658 3582 684 3639 si
697 3588 781 3640 tanta
795 3581 902 3659 cupido
916 3588 973 3653 est,

204 3669 237 3727 Si
254 3669 344 3748 jungi
357 3671 483 3749 hospitio
498 3683 647 3752 properat,
664 3675 824 3752 sociusque
837 3674 967 3754 uocari)

203 3762 354 3821 Adveniet
369 3782 377 3833 ;
400 3765 499 3823 vultus
512 3786 590 3825 neve
603 3767 798 3826 exhorrescat
813 3768 935 3827 amicos.
1133 3768 1192 3827 265

203 3852 282 3913 Para
295 3855 365 3913 milri
379 3858 463 3933 pacis
476 3860 533 3917 erit
547 3860 682 3919 dextram
695 3861 830 3938 tetigisse
844 3860 975 3937 tyranni.

202 3946 270 4006 Vos
283 3951 391 4008 eontra
403 3952 470 4030 regi
482 3972 550 4011 mea
564 3974 644 4011 nunc
659 3953 801 4012 mandata
815 3954 935 4011 referte.

203 4040 262 4100 Eat
276 4042 347 4100 mibi
360 4052 442 4116 nata,
457 4045 521 4105 viro
535 4047 635 4125 gentio
650 4065 739 4123 quam
754 4046 884 4124 jungere
899 4055 1020 4121 nonum,

203 4134 233 4193 N
235 4154 275 4193 on
289 4136 385 4213 patrio
399 4156 436 4195 ex
450 4138 539 4217 adyto
553 4148 661 4211 corten,
676 4160 734 4198 non
750 4140 876 4218 plurima
890 4139 968 4198 eoelo

202 4226 340 4287 Monstra
355 4230 474 4289 sinunt:
496 4253 626 4313 generos
640 4234 770 4293 externis
785 4234 879 4293 affore
893 4235 931 4292 ab
946 4234 1016 4308 oris,
1132 4237 1192 4295 270

203 4318 276 4381 Hoc
288 4322 380 4381 Latio
393 4334 508 4385 restare
523 4338 645 4401 canunt,
663 4328 713 4406 qui
727 4329 873 4409 sunguine
887 4336 1021 4389 nostrum

485 4425 522 4479 19
876 4441 916 4481 rr
