3167 5234
376 521 434 579 m
666 514 693 562 P.
708 513 877 561 VlRGlLll
901 512 1075 562 MARONlS
1144 550 1149 555 .

376 652 500 713 Deserit
512 652 672 730 inceptum,
688 659 780 728 atque
793 652 913 711 immani
926 652 1061 711 conotus
1079 648 1128 709 iria

376 746 561 806 Dardaniam
573 748 633 806 ruit
646 746 684 804 ad
699 756 815 824 portem
828 747 995 823 fratresque
1011 748 1157 823 superbus
1171 764 1180 815 ;
1304 749 1362 807 695

376 840 418 899 Et
432 841 556 919 primum
568 840 761 917 Antiphaten,
776 841 803 897 is
816 841 894 898 enim
908 858 941 897 se
956 840 1068 916 primus
1081 841 1201 916 agebat,

377 932 526 993 Thebanis
539 933 576 992 de
590 941 685 991 matre
699 932 821 991 nothum
836 932 1016 1009 Sarpedonis
1030 932 1091 1004 alti,

379 1026 526 1103 Conjecto
539 1026 643 1085 sternit
653 1026 777 1102 jaculo:
801 1025 879 1083 volat
893 1024 971 1083 Itala
984 1044 1094 1083 cornus

376 1120 460 1179 Adra
472 1138 526 1197 per
538 1126 684 1189 tenerum,
699 1118 911 1194 stomachoque
926 1117 1016 1176 infixa
1030 1119 1085 1176 suh
1100 1117 1192 1177 altum

376 1212 488 1271 Pectus
502 1212 564 1271 abit
577 1232 585 1282 ς
609 1211 704 1269 reddit
717 1230 827 1287 specus
841 1210 899 1268 stri
912 1210 1041 1269 vulneris
1057 1210 1165 1269 undam
1300 1214 1357 1273 700

377 1306 580 1382 Spumantem,
596 1313 626 1363 et
640 1305 699 1363 fixo
712 1303 823 1361 serrum
837 1303 867 1361 in
882 1304 1018 1379 pulmone
1031 1304 1167 1380 tepescit.

376 1397 455 1456 'l'um
463 1397 617 1475 Meropem
624 1406 715 1474 atque
722 1396 888 1472 Erymanta
895 1404 1059 1467 manu,tum
1068 1396 1173 1454 sternit
1179 1395 1354 1474 Aphidnum

376 1489 456 1549 Tum
467 1490 567 1549 Bitian
581 1490 734 1548 ardentem
738 1489 853 1573 poulis,
871 1488 1036 1565 animisque
1049 1488 1232 1561 frementem,

376 1582 446 1642 Non
456 1583 569 1659 jaculo,
585 1601 683 1659 neque
698 1582 777 1641 enim
786 1582 889 1658 jaculo
903 1582 992 1639 vitam
1008 1580 1056 1639 ille
1070 1581 1220 1651 dedisset3

377 1676 588 1753 Sedmagnitm
604 1675 732 1733 stridens
745 1684 881 1733 contorte
895 1674 1020 1733 falarica
1034 1675 1123 1746 venit,
1302 1677 1356 1735 tuo

377 1768 523 1829 Fulminis
537 1777 604 1827 ncta
617 1767 725 1837 modo;
750 1787 840 1843 quern
852 1786 911 1827 nec
925 1768 983 1825 duo
997 1778 1103 1827 taurea
1115 1776 1213 1847 terga,

377 1862 445 1921 Nec
457 1862 567 1939 duplici
581 1863 705 1938 squama
718 1861 814 1920 lorica
827 1862 923 1919 fidelis
936 1870 965 1919 et
980 1880 1054 1920 auro

378 1955 543 2015 Sustinuit:
565 1955 698 2032 collapsa
710 1963 800 2013 ruunt
814 1955 952 2013 immania
968 1956 1121 2024 memhrs;

377 2047 440 2107 Dat
452 2049 541 2107 tellus
555 2048 706 2125 gemitum,
723 2057 753 2105 et
767 2049 905 2125 clypeum
918 2047 1009 2125 super
1023 2050 1135 2107 intonat
1148 2047 1276 2127 ingens:

378 2140 486 2209 Qualis
499 2142 529 2200 in
542 2141 680 2200 Euboico
692 2141 835 2201 Baiarum
848 2142 945 2201 littore
961 2141 1108 2218 quondam
1299 2144 1357 2202 710

378 2236 477 2293 Saxea'
491 2235 551 2312 pila
564 2234 655 2305 cedit,
670 2235 787 2313 magnis
802 2254 890 2310 quam
904 2236 1029 2293 molibus
1044 2234 1112 2293 ante

378 2326 590 2387 Constructsm
603 2336 692 2405 ponto
702 2327 817 2402 jaciunt
832 2346 838 2383 :
861 2329 905 2386 sie
919 2329 969 2386 illa
983 2328 1098 2387 ruinam

376 2419 478 2479 Prona
490 2420 590 2492 trahit,
606 2420 783 2498 penitusque
797 2420 880 2479 vadis
894 2421 971 2480 illisa
984 2422 1128 2480 recumbit
1143 2439 1152 2479 t

377 2512 507 2573 Miscent
521 2532 554 2573 se
568 2514 672 2584 maria,
687 2522 718 2572 et
731 2514 825 2591 nigrae
840 2515 1013 2574 attolluntur
1025 2533 1125 2573 areum
1139 2532 1147 2585 ;

377 2606 456 2667 Tum
469 2607 567 2666 sonitu
579 2608 731 2684 Prochyta
744 2608 806 2665 elta
819 2609 926 2679 tremit,
942 2608 1108 2684 durumque
1121 2607 1220 2669 cubile
1301 2610 1359 2669 715

378 2700 508 2761 Inarime
520 2702 605 2759 Joris
619 2702 750 2778 imperiis
763 2702 890 2779 imposta
902 2702 1056 2780 Typhoeo.

416 2793 480 2853 Hic
492 2793 577 2851 Mars
590 2794 770 2870 armipotens
782 2796 912 2853 animum
928 2796 1064 2871 viresque
1078 2794 1195 2855 Latinis
1243 2807 1249 2819 “

378 2886 510 2957 Addidit,
527 2895 556 2943 et
570 2887 703 2945 stimulos
717 2906 803 2945 acres
817 2890 872 2946 sub
887 2897 1007 2965 pectore
1021 2889 1108 2949 vertit
1123 2908 1131 2958 3

378 2979 559 3054 Immisitque
572 2978 690 3057 Fugam
702 2980 831 3039 Teucris
843 2990 997 3058 atrumque
1007 2982 1168 3042 Timorem.

377 3072 516 3148 Undique
525 3073 720 3144 conveniunt,
736 3075 875 3149 quoniam
887 3075 957 3133 data
970 3076 1058 3152 copia
1071 3096 1190 3155 pugnas,
1301 3079 1359 3137 tto

377 3165 568 3240 Bellatorque
583 3164 697 3224 animos
711 3165 784 3225 deus
798 3167 910 3226 incidit.

376 3257 543 3329 Pandarus,
559 3266 591 3315 ut
605 3258 670 3315 suso
684 3277 857 3336 germanum
871 3280 996 3339 corpore
1011 3261 1116 3334 cernit,

376 3352 417 3411 Et
431 3371 488 3427 quo
502 3350 539 3409 sit
553 3350 672 3409 fortuna
684 3352 762 3421 loco,
779 3353 830 3429 qui
844 3372 933 3411 casus
947 3363 1017 3431 agat
1030 3374 1091 3427 res,

376 3444 498 3503 Portam
510 3442 541 3502 ri
554 3441 647 3502 multis
660 3462 805 3503 converso
819 3446 941 3505 cardine
954 3456 1083 3523 torquet,

377 3537 512 3599 Obnixus
524 3536 593 3595 latis
606 3537 747 3608 humeris,
763 3538 929 3615 multosque
944 3558 1065 3598 suorum
1301 3542 1357 3602 tet

376 3612 528 3691 Moenibu's
542 3629 680 3688 exclusos
693 3630 766 3688 duro
780 3631 811 3688 in
823 3634 986 3691 certamine
1000 3634 1104 3710 linquit
1121 3652 1128 3693 t

377 3723 435 3782 Ast
448 3724 523 3782 alios
537 3741 640 3781 secum
652 3722 775 3797 includit
788 3724 953 3801 recipitque
968 3736 1090 3785 ruentes
1101 3747 1109 3799 3

375 3818 509 3878 Demens
523 3838 532 3887 ;
557 3818 608 3895 qui
620 3817 765 3876 Rutulum
778 3818 808 3876 in
822 3820 991 3879 medionon
1005 3824 1124 3900 agmine
1138 3842 1243 3904 regem

375 3909 491 3969 Viderit
506 3911 724 3987 irrumpentem,
740 3912 877 3988 ultroque
892 3913 1044 3973 incluserit
1059 3916 1124 3975 urbi
1138 3936 1147 3988 3

376 4002 537 4063 lmmsnem
550 4004 642 4061 veluti
656 4022 766 4080 pecora
778 4004 856 4063 inter
869 4006 976 4065 inertis
987 4008 1095 4085 tigrim.
1302 4012 1358 4071 'lm

377 4093 526 4154 Continud
541 4114 618 4153 nova
631 4096 682 4155 lux
694 4097 789 4154 oculis
803 4098 923 4170 offulsit,
939 4109 969 4157 et
983 4119 1066 4159 arms

375 4186 567 4247 Horrendhm
580 4188 707 4248 sonuere
721 4208 730 4257 3
752 4198 881 4250 tremunt
896 4192 925 4249 in
940 4194 1051 4251 vertice
1065 4194 1166 4253 crista

376 4279 566 4358 Sanguinem,
582 4280 748 4357 clypeoque
761 4282 901 4343 micantia
915 4285 1036 4345 fulmine
1049 4286 1175 4349 mittunt.
