3167 5234
543 558 718 607 AEllsslllod
738 560 809 609 um
823 558 871 609 xl

212 700 242 759 lt
255 699 335 759 coelo
348 698 522 774 clamorque
535 695 642 769 sinim,
658 698 844 777 clangorque
857 699 1005 759 tubarum.

102 856 109 867 ,
212 793 298 854 Hinc
311 794 363 851 alii
375 792 472 871 spolia
484 792 595 851 occisis
606 791 732 869 derepta
745 791 864 851 Latinis

189 923 200 937 ο
213 887 387 964 conjiciunt
402 887 475 963 igni,
490 886 605 963 galeas,
622 904 772 962 ensesque
786 884 925 959 decoros,

210 980 394 1058 limusque,
410 980 621 1056 ferventesque
634 988 716 1039 rotas
729 998 738 1049 3
760 999 832 1057 pars
845 1000 970 1041 munera
983 990 1063 1057 nota,
1148 986 1203 1047 195

211 1076 351 1155 Ipsorum
364 1075 497 1153 clypeos,
513 1082 543 1133 et
556 1092 617 1133 non
629 1074 730 1133 selioin
742 1074 813 1133 tela.

211 1168 312 1227 Multa
323 1170 414 1227 Mum
427 1167 512 1227 circi
523 1175 694 1227 mactantur
705 1188 835 1247 corpora
847 1169 941 1231 Morti
953 1190 961 1243 3

213 1262 428 1340 Setigerosque
441 1279 522 1333 sues,
537 1269 699 1339 raptasque
713 1280 752 1323 ex
765 1263 902 1325 omnibus
916 1265 998 1343 agris

213 1352 250 1413 In
262 1354 413 1413 flammam
422 1354 561 1432 jugulant
574 1354 715 1433 pecudes.
755 1355 837 1415 Tum
850 1357 948 1417 littore
962 1368 1024 1419 toto

212 1446 364 1507 Ardentes
377 1455 514 1524 spectant
526 1448 638 1520 socios,
653 1450 856 1526 semiustaque
871 1460 992 1511 servant
1143 1454 1204 1513 200

212 1540 309 1600 Busta
323 1560 331 1610 3
353 1560 452 1618 neque
466 1541 556 1600 nrelli
569 1552 703 1619 mssunt,
718 1562 777 1603 nor
790 1542 912 1603 humide
925 1544 1022 1608 donec

212 1632 339 1693 lnrertit
352 1635 462 1693 coelum
475 1634 571 1693 stellis
584 1634 767 1713 fulgentibus
786 1644 896 1714 aptum.

251 1727 321 1787 Nec
333 1726 431 1787 minus
443 1735 475 1786 et
487 1728 589 1787 miseri
602 1727 723 1787 diversis
736 1729 767 1789 in
781 1738 865 1807 parte
879 1729 979 1790 Latini

213 1822 390 1881 Innumeras
403 1819 540 1882 struxire
554 1842 655 1899 pyras,
671 1831 702 1882 et
716 1842 844 1901 corpore
857 1824 962 1902 partim

211 1914 310 1975 truta
321 1914 418 1975 sinim
430 1928 519 1976 terrm
533 1917 689 1989 infodiunt,
705 1927 872 1995 avectaque
886 1920 992 1997 partim
1142 1924 1203 1981 aot

211 2008 369 2069 Finitimos
380 2010 488 2070 tollunt
501 2011 531 2069 in
545 2030 646 2089 agros,
663 2013 790 2089 urbique
803 2013 966 2075 remittunt.

212 2102 346 2177 cetera,
362 2104 556 2182 confuseque
569 2105 722 2183 ingentem
735 2106 828 2165 caedis
842 2126 995 2179 acervum,

210 2196 279 2257 Nec
292 2217 417 2259 numero
430 2216 488 2257 uec
501 2198 625 2271 bonore,
639 2208 784 2259 crement.
826 2200 914 2261 Tunc
927 2201 1059 2278 undique
1072 2201 1148 2261 vasti

212 2290 361 2352 Certatim
376 2292 492 2350 crebris
505 2292 656 2352 collucent
669 2291 790 2369 ignibus
808 2294 883 2371 agri.

210 2384 379 2445 Tertinlux
391 2385 523 2463 gelidam
536 2386 615 2444 coelo
629 2386 796 2447 dimoverat
809 2389 955 2459 umbram,
1142 2390 1202 2447 210

209 2478 378 2538 Moerentes
392 2481 483 2538 altum
498 2480 629 2539 cinerem
643 2488 674 2539 et
688 2482 814 2539 confuse
827 2483 955 2540 ruebant

210 2572 291 2633 Ossa
303 2572 389 2644 sacis,
404 2574 565 2651 tepidoque
579 2576 746 2633 onerabant
761 2592 875 2653 aggere
889 2582 988 2635 terrae.

248 2667 320 2726 Jam
333 2666 405 2725 rerd
420 2667 562 2738 intectis,
578 2666 740 2744 predivitis
753 2670 828 2726 urbe
842 2667 954 2741 Latini,

209 2760 387 2838 Precipuus
400 2760 512 2837 fragor,
528 2767 559 2817 et
571 2760 654 2837 longi
667 2780 737 2837 pers
750 2762 881 2821 maxima
893 2762 1004 2821 luctus.

209 2853 274 2913 Hic
287 2862 409 2925 matres,
424 2854 602 2930 misereque
616 2873 720 2925 nurus,
736 2854 786 2913 bic
801 2874 873 2913 cara
886 2874 1023 2915 sororum
1140 2860 1200 2917 215

209 2948 340 3007 Pectora
351 2944 539 3016 moerentium,
554 2948 699 3024 puerique
714 2948 888 3025 perentibus
902 2950 977 3020 orbi,

209 3040 318 3100 Dirum
332 3050 530 3099 exsecrantur
543 3042 663 3113 bellum,
679 3042 836 3119 Turnique
851 3044 1023 3120 hymeneos
1039 3063 1047 3115 3

210 3134 312 3214 Ipsum
326 3135 426 3207 ermis,
441 3136 598 3212 ipsumque
611 3136 716 3212 jubent
730 3136 895 3196 decernere
910 3136 1000 3212 ferro,

210 3229 271 3297 Qui
284 3248 412 3307 regnum
426 3227 523 3287 ltaliae
537 3238 567 3287 et
580 3230 690 3306 primos
703 3231 761 3289 sibi
774 3240 879 3308 poscat
893 3232 1032 3293 honores.

210 3322 352 3402 ingravat
366 3324 433 3382 haec
445 3342 545 3382 saevus
558 3323 710 3395 Drances,
726 3325 882 3403 solumque
897 3326 1000 3385 vocari
1139 3326 1200 3385 290

210 3414 364 3489 Testatur,
381 3417 477 3475 solum
491 3417 575 3493 posci
591 3417 622 3474 iu
636 3418 799 3476 certamina
812 3419 960 3477 Turnum.

209 3508 307 3569 Multa
320 3510 407 3568 simul
420 3511 529 3569 contrd
541 3510 633 3569 variis
645 3511 793 3569 sententia
807 3510 893 3569 dictis

208 3603 271 3662 Pro
284 3602 398 3675 Turno,
414 3609 445 3661 et
458 3622 599 3681 magnum
612 3603 726 3681 reginae
740 3623 847 3663 nomen
861 3606 1019 3663 obumbrat
1032 3622 1040 3662 ε

208 3694 308 3755 Multa
321 3696 417 3755 vnum
430 3697 543 3755 meritis
556 3696 702 3755 sustentat
715 3696 795 3755 sema
809 3698 939 3775 tropaeis.

246 3790 318 3849 Hos
331 3791 409 3849 inter
422 3800 530 3861 motus,
545 3789 644 3848 medio
657 3790 688 3848 in
701 3790 849 3867 flagrante
862 3790 1002 3861 tumultu,
1139 3790 1198 3849 226

208 3882 304 3956 Ecce,
321 3882 413 3962 super
426 3884 525 3943 moesti
538 3881 650 3961 magnei
661 3882 819 3941 Diomedis
834 3885 871 3942 ab
887 3885 961 3941 urbe

207 3975 318 4055 Legati
330 3997 477 4055 response
490 3977 588 4035 ferunt
601 3995 621 4033 τ·
632 3976 704 4033 nihil
718 3977 855 4035 omnibus
870 3985 970 4036 sctum

208 4069 377 4129 Tantorum
389 4071 532 4149 impensis
544 4090 668 4149 operum
681 4088 690 4139 3
713 4070 755 4127 nil
769 4069 859 4142 dona,
875 4089 973 4147 neque
988 4089 1102 4143 aurum,

209 4162 277 4222 Nec
291 4182 416 4243 magnas
430 4164 561 4223 valuisse
574 4182 682 4242 preces
696 4182 704 4233 3
727 4164 786 4221 alin
801 4183 883 4223 arma
897 4165 1015 4223 Latinis

210 4254 393 4330 Quaerenda,
408 4267 460 4317 aut
474 4278 579 4337 pacem
593 4257 725 4335 Trojano
739 4260 777 4316 ab
791 4278 865 4337 rege
880 4259 1047 4339 petendam.
1137 4260 1198 4319 230

209 4347 323 4409 Deficit
336 4350 451 4431 ingenti
464 4353 547 4412 luctu
559 4372 614 4413 rex
627 4352 691 4430 ipse
704 4352 840 4412 Latinus.
