3167 5234
546 533 722 582 AENEIDOS
742 535 812 582 ala
825 533 889 582 ΧΠ.
1144 541 1204 598 333

216 671 334 752 Ingruit
348 669 465 730 AEneas
479 671 574 744 italis,
590 681 620 731 et
635 673 740 750 prmlla
749 673 858 732 miscet
872 692 881 732 ι

215 766 256 828 Et
266 786 321 826 nos
335 785 415 826 saeva
429 785 518 825 manu
529 766 679 826 mittamus
692 767 800 826 funera
811 765 950 826 Teucris.

216 861 284 920 Nec
297 879 421 920 numero
436 859 568 932 inferior,
584 879 691 939 pugnae
705 879 762 920 nec
775 861 900 933 honore,
915 860 1048 920 recedes.
1145 861 1206 920 600

216 953 339 1012 Turnus
353 954 392 1014 ad
406 955 494 1013 hmo:

254 1047 284 1106 0
296 1067 392 1119 soror,
408 1056 438 1106 et
452 1047 562 1108 dudum
576 1048 695 1126 agnovi,
712 1067 804 1126 quum
816 1047 911 1126 prima
924 1067 979 1126 per
991 1055 1087 1108 anem
1113 1090 1116 1100 .

216 1140 350 1201 Foedera
362 1139 499 1213 turbisti,
515 1149 606 1219 teque
620 1143 686 1202 haec
700 1142 730 1202 in
744 1143 825 1201 bella
837 1141 965 1202 dedisti:

216 1234 256 1294 Et
270 1254 351 1296 nuno
364 1235 566 1312 nequidquam
579 1235 668 1307 saltis,
685 1235 751 1296 dea.
795 1237 856 1294 Sed
870 1235 937 1313 quis
949 1235 1078 1314 Olympo

215 1329 387 1388 Demissarn
400 1337 499 1388 tantos
513 1328 605 1388 voluit
618 1337 648 1388 te
662 1329 741 1388 forre
755 1330 877 1389 labores
890 1329 901 1386 ?
1146 1331 1206 1390 005

216 1426 265 1484 An
278 1425 378 1483 fratris
391 1425 492 1485 miseri
505 1426 598 1484 letum
612 1433 643 1484 ut
658 1424 779 1484 crudele
794 1423 913 1487 videres
927 1426 938 1483 ?

216 1518 245 1578 N
248 1537 295 1578 am
310 1519 380 1596 qnid
394 1537 452 1596 agn
468 1517 478 1574 i
500 1526 551 1576 aut
566 1539 632 1597 quae
649 1519 711 1594 jam
725 1518 851 1596 spondet
863 1519 1000 1578 Fortuna
1012 1517 1157 1578 salutem?

218 1611 286 1670 Vidi
299 1612 403 1672 oeulos
416 1620 485 1670 ante
500 1612 563 1690 ipse
577 1630 670 1682 meos,
686 1631 733 1670 me
748 1630 823 1672 voce
838 1620 1005 1684 vocantem,

216 1705 403 1777 Murranum,
420 1725 479 1782 quo
492 1725 551 1764 non
564 1714 687 1784 superat
700 1706 771 1764 mihi
784 1706 884 1764 carior
897 1706 985 1776 alter,

217 1799 378 1877 oppetere,
392 1799 552 1877 ingentem,
570 1807 658 1876 atque
673 1799 787 1876 ingenti
801 1799 925 1858 vulnere
942 1799 1062 1859 victum.
1144 1801 1206 1858 640

217 1892 335 1952 Occidit
349 1892 459 1964 infelix,
475 1911 513 1950 ne
527 1900 662 1952 nostrum
674 1892 807 1952 dedecus
820 1891 915 1952 Ufens
948 1948 953 1972 ,

216 1985 393 2063 Adspiceret
409 2005 418 2054 ;
440 1985 553 2045 Teucri
567 1986 717 2064 potiuntur
730 2005 857 2063 corpore
870 1993 902 2044 et
914 1985 1015 2048 armia

216 2079 397 2139 Exscindine
412 2078 524 2152 domos,
540 2078 583 2157 (id
596 2081 688 2138 rebus
701 2079 795 2139 defuit
808 2081 926 2158 unum)

215 2172 371 2251 Perpetiar
385 2172 396 2230 i
417 2171 523 2232 dextri
535 2192 593 2233 nec
604 2173 738 2233 Drancis
752 2173 834 2232 dicta
845 2172 1006 2232 refellam?
1123 2199 1129 2206 ·

215 2265 320 2345 Terga
333 2265 409 2326 dabo
423 2266 434 2322 ?
454 2275 485 2326 et
498 2267 634 2326 Turnum
645 2267 808 2345 fugientem
821 2266 983 2348 nanterre
996 2264 1107 2324 videbit
1118 2264 1130 2321 l
1144 2267 1205 2324 645

216 2358 318 2437 Usque
333 2359 448 2420 adedne
462 2359 537 2418 mori
551 2359 690 2418 miserum
705 2359 775 2418 est?
817 2359 882 2418 Vos
895 2378 914 2418 o
927 2359 1009 2430 milri,
1024 2358 1146 2432 Manes,

215 2452 289 2512 Este
304 2454 384 2526 boni,
402 2454 540 2531 quoniam
555 2453 677 2531 Superis
692 2471 800 2512 aversa
816 2452 964 2512 voluntas.

170 2601 172 2610 .
217 2547 328 2606 Sancta
342 2547 379 2606 ad
393 2567 445 2606 vos
460 2547 570 2618 anima,
586 2553 676 2622 etque
691 2547 776 2606 istius
790 2547 886 2606 inscia
899 2547 1007 2624 culpae,

216 2639 417 2711 Descendam‚
433 2659 610 2718 magnorum
619 2624 703 2698 ⁴haud
716 2658 848 2715 unquam
862 2640 1001 2718 indignus
1014 2657 1147 2700 avorum.

254 2733 315 2792 Vix
328 2753 366 2794 ea
380 2735 457 2794 fatus
471 2742 536 2802 erat
549 2751 558 2803 ;
581 2732 695 2792 medios
708 2733 798 2804 volat,
814 2751 900 2799 eece,
914 2751 970 2810 per
983 2733 1085 2792 lrostes
1144 2733 1206 2792 650

215 2827 330 2888 Vectus
344 2846 422 2904 equo
436 2835 590 2905 spumante
605 2828 710 2898 Saces,
726 2825 854 2884 adversa
867 2825 979 2904 sagittis

217 2921 343 2980 Saucius
357 2939 422 2993 ora,
437 2921 566 2996 ruitque,
582 2920 743 2998 implorans
756 2921 875 2978 nomine
890 2918 1046 2978 Turnum:

216 3012 330 3086 Turne,
346 3013 376 3072 in
389 3022 419 3070 te
434 3031 572 3090 suprema
586 3013 689 3082 salus;
713 3013 855 3072 miserere
868 3021 996 3072 tuorum.

216 3107 366 3166 Fulminat
379 3106 499 3166 AEneas
513 3106 614 3177 armis,
630 3125 821 3182 summasque
835 3106 964 3164 minatur

215 3199 412 3277 Dejectarum
426 3217 513 3258 arces
527 3196 646 3270 Italum,
661 3198 839 3276 excidioque
851 3198 990 3256 daturum
1004 3217 1014 3268 ;
1144 3199 1204 3258 655

215 3293 345 3369 Jamque
359 3291 443 3352 faces
457 3291 588 3351 adtacta
602 3292 711 3350 volant.
755 3291 789 3350 ln
803 3300 834 3349 te
847 3309 901 3350 ora
913 3290 1026 3362 Latini,

215 3385 251 3444 ln
264 3394 295 3444 te
309 3385 413 3444 ocules
426 3385 558 3444 referunt
574 3404 581 3443 :
603 3393 716 3444 mussat
730 3404 783 3442 rex
798 3383 862 3462 ipse
880 3383 1017 3456 Latinus,

216 3478 302 3547 Quos
315 3498 443 3557 generos
458 3487 554 3550 vocet,
571 3486 623 3537 aut
636 3498 703 3555 quae
717 3496 784 3536 sese
800 3477 838 3534 ad
852 3476 968 3536 soedera
980 3474 1091 3536 llaotut.¹

215 3570 370 3632 Praeterea
382 3571 498 3650 regina,
514 3572 557 3630 tui
573 3572 726 3643 fidissima,
741 3570 849 3630 dextri

216 3665 334 3726 Occidit
348 3666 413 3743 ipsa
426 3663 493 3737 sui,
509 3665 666 3741 lucemque
681 3665 824 3724 exterrita
837 3663 921 3742 sugit.
1142 3665 1204 3724 660

217 3759 277 3818 Soli
292 3779 345 3837 pro
359 3760 450 3838 portis
463 3757 622 3835 Messapus
635 3767 665 3816 et
680 3777 752 3816 acer
765 3757 874 3816 Atin'as

217 3853 389 3911 Sustentant
404 3851 508 3910 aciem.
550 3850 675 3911 Circum
689 3851 744 3908 hos
758 3851 905 3927 utrimque
920 3848 1083 3929 phalanges

218 3946 302 4004 Stant
316 3945 427 4018 densae,
444 3944 614 4020 strictisque
629 3963 718 4021 seges
732 3941 924 4001 mucronibus
935 3942 1037 4000 horret

217 4034 351 4096 Ferrea:
372 4046 404 4096 tu
419 4056 539 4098 sumum
554 4037 672 4096 deserto
686 4036 715 4095 in
729 4036 864 4114 gramine
878 4054 983 4094 versas
997 4037 1004 4093 !

255 4131 415 4209 Obstupuit
428 4129 514 4190 varii
527 4130 669 4189 confusus
683 4130 811 4208 imagine
826 4147 926 4187 rerum
1143 4131 1202 4190 665

216 4227 348 4300 Turnus,
365 4235 395 4286 et
408 4229 511 4286 obtutu
526 4227 617 4287 tacito
631 4224 732 4284 stetit:
755 4232 862 4284 aestuat
875 4224 982 4302 ingens

217 4319 284 4382 Uno
298 4322 327 4380 in
342 4320 432 4380 corde
446 4321 551 4401 pudor,
567 4320 717 4402 mixtoque
731 4318 849 4380 insania
862 4318 956 4392 luctu,
