3167 5234
555 562 779 610 uuokulcott
799 562 869 611 Lis.
884 564 920 611 Π.
1185 570 1224 628 ω

274 706 375 776 Nunc,
394 722 454 780 quo
469 721 618 779 quamque
631 702 720 761 modo
733 702 830 779 possis
843 720 1040 780 cognoscere,
1056 701 1162 761 dicem.

235 802 321 861 Rara
333 799 382 871 ait,
399 818 439 857 an
452 816 545 876 supra
557 815 670 855 morem
684 796 711 855 si
723 796 828 867 densa,
845 796 981 872 requiras
995 815 1003 866 ;

235 896 341 955 Altera
353 892 509 951 frumentis
523 890 662 966 quoniam
677 891 769 958 favet,
786 891 883 948 altera
895 890 1018 949 Baccho
1032 909 1041 960 ;

234 989 339 1048 Densa
351 986 451 1065 magis
463 986 583 1055 Cereri,
598 984 752 1042 rarissima
765 1002 893 1060 quaeque
905 984 1001 1061 Lymc
1013 1004 1022 1054 ς

234 1082 313 1141 Ante
328 1081 428 1139 locum
440 1082 543 1158 capies
556 1079 663 1150 oculis,
679 1079 801 1155 alteque
818 1079 940 1154 jubebis
1162 1081 1223 1140 930

235 1176 271 1245 ln
288 1176 383 1234 solido
398 1184 520 1253 puteum
534 1174 656 1244 demitti,
673 1192 849 1249 omnemque
864 1192 991 1251 repones

235 1271 354 1330 Rursus
367 1270 500 1339 humum,
515 1277 545 1325 et
559 1268 685 1345 pedibus
697 1287 829 1326 summas
843 1270 977 1344 aequabis
991 1286 1109 1329 arenae.

236 1366 267 1423 Si
280 1364 417 1433 deerunt,
432 1380 544 1433 rarum,
560 1362 723 1438 pecorique
736 1370 766 1419 et
780 1363 888 1420 ritibus
902 1363 988 1421 alniis

234 1458 351 1535 Aptius,
368 1458 443 1514 uber
455 1456 512 1513 erit
527 1474 534 1513 ε
557 1456 603 1513 sin
616 1455 647 1513 in
660 1474 717 1513 sua
731 1474 818 1531 posse
832 1457 984 1533 negabunt

235 1552 286 1611 Ire
300 1551 375 1620 loca,
390 1559 421 1608 et
435 1550 591 1608 scrobibus
604 1550 757 1626 superabit
773 1558 856 1607 terra
869 1550 1000 1627 repletis,
1160 1550 1221 1609 2³5

235 1646 355 1723 Spissus
369 1662 444 1723 ager
458 1662 466 1699 ε
487 1644 594 1720 glebas
607 1650 785 1702 cunctentes
798 1662 962 1719 crassaque
976 1654 1062 1721 terga

234 1738 396 1816 Exspecta,
412 1746 443 1797 et
454 1737 562 1797 aelidis
574 1746 685 1795 terram
699 1738 856 1814 proscinde
873 1737 1021 1813 juvencis.

274 1835 360 1891 Salsa
372 1842 473 1891 autem
486 1832 585 1903 tellus,
601 1840 631 1890 et
646 1850 712 1908 quoe
725 1831 898 1909 perhibetur
911 1850 1025 1902 arnus,

233 1926 385 2005 Frugibus
398 1926 510 1997 infelix,
525 1924 577 2002 (ea
589 1944 648 1984 nec
661 1926 843 1983 mansuescit
858 1926 980 1997 arando,

233 2020 299 2080 Nec
313 2020 437 2079 Baccho
449 2038 557 2098 mnus,
573 2028 623 2078 aut
637 2020 732 2097 pomis
743 2038 800 2077 sua
812 2020 941 2091 nomina,
958 2021 1086 2097 servat,)
1159 2022 1220 2080 240

233 2113 310 2173 Tale
323 2114 405 2173 dabit
418 2114 570 2191 specimen
586 2132 594 2171 z
615 2123 648 2172 tu
662 2114 759 2191 spisso
772 2113 880 2171 vimine
896 2114 1001 2189 qualos

234 2208 370 2285 Coleque
383 2208 540 2285 praelorum
554 2207 677 2267 fumosis
690 2208 792 2286 deripe
806 2208 895 2265 tectis
909 2227 917 2277 ;

232 2302 304 2361 Huc
318 2321 394 2381 ager
406 2303 456 2361 ille
469 2302 576 2372 malus,
591 2302 755 2378 dulcesque
769 2320 788 2359 a
801 2302 931 2359 sontibus
948 2302 1045 2374 undae,

232 2396 279 2454 Ad
293 2396 413 2474 plenum
426 2395 582 2453 calcentur
596 2413 604 2451 ι
627 2413 708 2471 aqua
720 2396 902 2454 eluctabitur
914 2396 1010 2453 omnis

233 2488 363 2560 Scilicet,
379 2496 409 2547 et
421 2488 553 2567 grandm
566 2489 650 2547 ibunt
663 2506 718 2565 per
731 2489 840 2547 vimina
854 2497 946 2566 guttae
961 2506 968 2557 ;
1158 2490 1219 2549 245

231 2584 272 2642 At
284 2602 375 2660 sapor
387 2582 528 2641 indicium
544 2582 635 2641 saciet
651 2582 837 2653 manifestus,
854 2592 883 2640 et
897 2602 951 2641 ora

231 2678 344 2738 Tristia
361 2676 527 2737 tentantium
541 2698 632 2736 sensu
645 2679 797 2755 torquebit
812 2696 939 2738 amaror.

231 2772 356 2850 Pinguis
368 2773 441 2831 item
454 2792 521 2849 quar
535 2773 573 2830 sit
586 2772 685 2844 tellus,
702 2773 760 2830 boc
773 2772 902 2849 denique
917 2780 1005 2851 pacto

231 2864 404 2925 Discimus:
427 2865 506 2924 baud
520 2884 652 2942 unquam
667 2866 805 2924 manibus
821 2867 936 2943 jactate
950 2867 1069 2939 fatiscit,

232 2958 290 3017 Sed
308 2960 383 3037 picis
396 2960 428 3017 in
441 2978 553 3017 morem
567 2959 605 3017 ad
618 2960 727 3037 digitos
740 2961 877 3019 lentescit
891 2961 1038 3021 habendo.
1158 2964 1218 3019 250

231 3051 364 3111 Humida
375 3053 506 3128 majores
523 3054 632 3112 herbas
646 3054 709 3125 alit,
725 3054 850 3131 ipsaque
867 3055 949 3130 justo

229 3144 364 3205 Laetior:
386 3146 426 3205 alr
440 3149 447 3203 !
468 3146 589 3205 nimidm
603 3166 641 3205 ne
655 3148 693 3206 sit
706 3148 776 3205 mihi
788 3148 894 3207 fertilis
909 3149 970 3220 illa,

230 3238 298 3299 Neu
312 3260 345 3299 se
360 3240 552 3317 prevalidam
566 3241 667 3318 primis
680 3242 817 3299 ostendat
832 3242 930 3301 aristis
947 3245 954 3299 l

230 3334 308 3402 Qum
322 3334 424 3413 gravis
437 3344 494 3405 est,
509 3335 575 3412 ipso
587 3335 710 3393 tacitam
728 3354 761 3393 se
776 3336 907 3412 pondere
922 3335 1028 3413 prodit,

230 3428 368 3503 Quaeque
378 3428 462 3487 levis.
482 3428 654 3505 Promptum
664 3437 710 3487 est
721 3430 816 3487 oculis
828 3429 1006 3507 prmdiscere
1019 3430 1146 3508 nigram,
1156 3432 1215 3487 255

229 3520 270 3579 Et
285 3522 351 3595 quis
364 3520 413 3579 cui
427 3522 519 3580 color.
562 3523 603 3580 At
616 3522 797 3580 sceleratum
810 3524 967 3599 exquirere
982 3523 1077 3602 frigus

228 3614 362 3673 Difficile
375 3622 421 3673 est
435 3634 443 3683 ;
467 3615 561 3692 picem
573 3616 698 3687 tantiam,
713 3616 835 3692 taxique
849 3624 992 3675 nocentes

230 3706 393 3779 Interdum,
408 3718 459 3767 aut
473 3708 593 3767 hederis
609 3709 739 3786 pandunt
752 3710 880 3787 vestigia
894 3711 998 3787 nigrae.

266 3801 328 3860 His
343 3802 567 3874 animaduersis,
582 3813 693 3862 terram
708 3804 798 3861 multd
814 3803 882 3861 autb
897 3810 1044 3863 memento

227 3894 421 3972 Excoquere,
437 3905 468 3954 et
480 3915 606 3974 magnos
620 3896 776 3955 scrobibus
789 3896 950 3954 concidere
963 3906 1088 3971 montes,
1155 3899 1215 3956 260

228 3988 306 4047 Ante
320 3990 475 4067 supinatas
490 3991 622 4067 aquiloni
634 3991 792 4049 ostendere
806 3992 923 4068 glebas,

229 4080 328 4148 mum
348 4084 449 4143 laetum
466 4084 592 4143 infodias
605 4085 674 4143 vitis
686 4103 783 4163 genus
798 4102 806 4141 t
829 4084 939 4162 optima
952 4086 1031 4163 putri

226 4174 309 4233 Arva
322 4178 386 4235 solo
402 4198 410 4247 ;
434 4178 464 4236 id
478 4180 558 4238 uenti
572 4187 689 4250 curant,
706 4178 874 4257 gelidaeque
890 4179 1013 4257 pruinoe,

226 4266 266 4326 Et
279 4269 430 4329 labefacta
443 4290 566 4331 morene
579 4275 718 4331 robustus
734 4273 845 4350 jugera
859 4272 963 4333 fossor.

262 4364 314 4435 At,
331 4364 357 4422 si
372 4384 448 4442 quos
462 4366 541 4425 baud
559 4368 621 4425 ulla
634 4366 714 4424 viros
728 4365 883 4443 vigilantia
896 4368 982 4445 fugit,
1153 4366 1214 4424 265

502 4462 522 4516 5
530 4460 548 4495 0
