3167 5234
348 541 384 596 70
633 531 660 580 1.
682 530 851 578 1111111111
868 530 1042 580 nunonis
1079 603 1093 626 ο

309 725 311 734 ,
347 671 388 731 Et
403 669 500 730 rutilis
514 670 614 730 clarus
628 670 781 747 squamis:
804 671 856 730 ille
868 670 1007 730 horridus
1020 669 1097 728 alter

347 763 485 838 Desidia,
501 765 651 841 latamque
665 764 789 823 trahens
803 764 949 844 inglorius
962 765 1070 824 alvum.

387 859 427 917 Ut
441 859 519 920 binae
534 878 638 938 regum
652 858 757 930 facies,
774 859 818 916 ita
830 877 958 937 corpora
971 858 1076 937 plebis.
1300 857 1340 914 95
1377 932 1382 947 ⁸

348 951 376 1011 N
380 972 488 1030 amque
503 953 569 1012 alise
583 961 686 1032 turpes
699 953 842 1022 horrent;
858 973 916 1012 ceu
930 953 1053 1030 pulvere
1067 953 1106 1010 ah
1120 951 1181 1010 alto

322 1099 326 1107 .
349 1047 451 1118 Quum
466 1047 557 1120 venit,
574 1056 603 1106 et
617 1048 699 1106 sicco
713 1054 826 1108 terram
838 1047 917 1125 spuit
930 1065 982 1105 ore
996 1045 1094 1105 viator

349 1142 460 1201 Aridus
476 1161 484 1212 ;
508 1141 628 1201 elucent
642 1141 719 1212 aliae,
734 1149 764 1199 et
779 1140 895 1218 fulgore
910 1149 1081 1212 coruscant,

348 1235 499 1294 Ardentes
513 1254 587 1294 auro
601 1243 631 1293 et
646 1235 766 1312 paribus
779 1233 834 1292 lita
846 1253 975 1310 corpora
987 1234 1090 1312 guttis.

350 1329 429 1388 Haeo
444 1329 540 1408 potior
554 1329 694 1388 soboles:
717 1328 786 1387 hinc
802 1326 873 1387 coeli
884 1335 1018 1404 ternpore
1033 1336 1116 1386 certo
1285 1327 1341 1385 100

350 1424 462 1484 Dulcia
476 1425 566 1484 mella
579 1443 697 1502 premes
711 1443 719 1495 ;
743 1443 801 1482 nec
814 1421 928 1482 tantirm
942 1423 1052 1494 dulcia,
1069 1421 1211 1499 quantum

349 1519 390 1582 Et
404 1519 527 1597 liquida,
546 1529 576 1578 et
589 1519 696 1578 durum
709 1517 825 1576 Bacchi
838 1504 986 1576 domitura
998 1534 1146 1594 saporem.

390 1614 431 1672 At
445 1633 535 1691 quum
549 1613 664 1671 incerta
678 1611 789 1682 volant,
806 1610 944 1687 coeloque
959 1611 1097 1668 examina
1110 1608 1227 1682 ludunt,

353 1705 615 1783 contemnuntque
630 1705 724 1777 favos,
740 1713 770 1763 et
784 1704 893 1782 frigida
906 1712 987 1762 tecta
1000 1703 1182 1780 relinquant,

353 1799 513 1860 Instabiles
527 1799 640 1858 animos
654 1799 724 1858 ludo
738 1798 910 1877 prohibebis
924 1797 1013 1856 inani.
1288 1797 1344 1854 106

353 1893 420 1953 Nec
435 1913 562 1972 magnus
577 1893 734 1970 prohibere
748 1893 854 1951 labor:
876 1900 908 1950 tu
922 1891 1046 1969 regibus
1060 1890 1126 1949 alas

353 1987 446 2064 Eripe
463 2006 470 2044 :
493 2006 551 2046 non
567 1987 624 2045 illis
639 1987 797 2063 quisquam
810 1987 1021 2045 cunctantibus
1035 1985 1128 2044 altum

355 2080 404 2140 Ire
419 2080 485 2152 iter,
502 2088 554 2138 aut
568 2080 675 2139 castris
690 2080 812 2139 audebit
825 2079 937 2138 vellere
952 2080 1048 2157 signa.

355 2173 483 2232 Invitent
498 2175 615 2232 croceis
629 2174 766 2233 halantes
780 2173 903 2232 floribus
917 2173 995 2233 horti
1010 2193 1019 2244 ;

353 2267 395 2326 Et
408 2275 509 2326 custos
523 2266 620 2325 furum
635 2275 725 2344 atque
739 2267 850 2338 avium,
866 2287 936 2326 cum
949 2267 1029 2326 falce
1042 2266 1172 2347 saligni,
1288 2267 1345 2325 110

354 2361 595 2440 Hellespontiaci
609 2369 708 2419 servet
722 2361 817 2420 tutela
828 2359 941 2438 Priapi.

356 2455 435 2533 lpse,
451 2455 584 2534 thymum
599 2453 743 2532 pinosque
757 2454 858 2513 ferens
871 2454 908 2512 de
921 2439 1070 2514 montibus
1084 2456 1163 2528 altis,

355 2548 452 2608 Tecta
465 2557 546 2608 serat
559 2548 620 2608 late
634 2549 758 2620 circum,
775 2548 826 2606 cui
839 2547 912 2606 talia
924 2568 1007 2610 curas
1022 2569 1030 2619 ;

357 2639 426 2719 Ipse
440 2643 542 2701 labore
556 2661 677 2701 manum
690 2641 765 2700 duro
778 2649 858 2700 terat
872 2660 881 2711 3
905 2642 969 2720 ipse
983 2642 1102 2702 feraces

357 2733 446 2812 Figat
459 2734 549 2794 humo
563 2735 689 2812 pientes,
706 2743 735 2793 et
750 2736 863 2794 amicos
876 2736 980 2814 irriget
994 2737 1115 2797 imbres.
1294 2736 1349 2794 115

396 2829 497 2904 Atque
512 2828 661 2904 equidem,
678 2839 811 2886 extremo
825 2829 856 2886 ni
871 2829 936 2905 jam
949 2832 1005 2888 sub
1020 2831 1079 2890 line
1092 2830 1230 2890 laborum

358 2923 434 2982 Vela
447 2923 573 2995 traham,
590 2931 618 2982 et
632 2923 721 2982 terris
736 2923 874 2983 festinem
889 2925 1044 2985 advertere
1059 2945 1188 3004 proram,

356 3017 498 3076 Forsitan
513 3025 552 3088 et,
569 3017 695 3095 pingues
709 3017 812 3076 hortos
827 3038 894 3095 qum
907 3038 983 3078 cura
1002 3020 1121 3079 colendi

358 3111 499 3182 Ornaret,
515 3129 666 3184 canerem,
683 3111 831 3188 biferique
844 3113 958 3172 rosaria
972 3112 1064 3173 Paesti
1077 3134 1086 3184 ;

359 3207 490 3284 Quoque
504 3206 591 3266 modo
605 3207 681 3284 potis
694 3207 862 3286 gauderent
875 3210 980 3268 intuba
993 3211 1074 3282 rivis,
1296 3211 1351 3270 120

358 3301 399 3362 Et
413 3301 522 3360 virides
537 3301 603 3378 apio
617 3301 700 3378 ripoe,
716 3309 872 3379 tortusque
888 3323 942 3381 per
954 3303 1078 3362 herbam

359 3395 522 3457 Cresceret
537 3396 566 3455 in
581 3404 714 3456 ventrem
729 3398 863 3456 cucumis
877 3417 885 3468 ς
908 3417 966 3458 nec
980 3418 1051 3458 sera
1064 3406 1232 3459 comantem

359 3491 546 3563 Narcissum,
563 3500 615 3551 aut
629 3491 698 3550 flexi
713 3495 875 3552 tacuissem
888 3494 987 3553 vimen
1000 3496 1132 3569 acanthi,

359 3585 572 3664 Pallentesque
586 3586 726 3660 hederas,
742 3597 771 3646 et
786 3597 921 3648 amantes
936 3590 1036 3648 littora
1048 3599 1170 3668 myrtos.

398 3681 427 3739 N
431 3699 536 3757 amque
551 3683 606 3740 suh
622 3681 756 3740 OEbaliaa
770 3683 890 3740 memini
903 3702 951 3742 me
964 3684 1097 3743 turribus
1110 3683 1200 3758 arcis,
1297 3685 1351 3743 125

360 3771 433 3842 Qua
445 3774 532 3852 niger
545 3774 696 3834 humectat
710 3774 853 3834 flaventia
866 3777 948 3835 culta
960 3777 1112 3850 Galaesus,

361 3867 525 3947 Corycium
538 3857 777 3942 vidisse'senem,
793 3871 843 3930 cui
857 3890 955 3948 pauca
968 3873 1066 3931 relicti

359 3962 477 4041 iugera
490 3964 568 4022 ruris
582 3973 667 4024 erant
681 3984 689 4035 ;
714 3985 771 4024 nec
786 3965 891 4024 fertilis
904 3966 955 4024 illa
972 3966 1122 4042 juvencis,

361 4057 428 4115 Nec
442 4056 544 4133 pecori
557 4069 723 4135 opportuna
737 4079 838 4137 seges,
854 4079 911 4118 nec
925 4060 1080 4119 commoda
1097 4059 1231 4120 Baccho.

361 4148 425 4209 Hic
439 4168 540 4208 rarum
552 4159 653 4208 temen
668 4151 697 4209 in
712 4152 809 4212 dumis
822 4153 899 4226 olus,
915 4154 1044 4231 albaque
1061 4153 1175 4212 circirm
1298 4153 1352 4214 1³0

359 4241 450 4314 Lilia,
466 4244 674 4319 verbenasque
689 4263 837 4321 premens,
853 4265 1036 4323 vescumque
1049 4265 1192 4324 papaver,

360 4335 482 4416 Regum
496 4338 635 4414 aquabat
648 4357 722 4416 opes
736 4340 842 4399 animis
857 4359 866 4412 ;
890 4339 1021 4418 serique
1038 4350 1194 4401 revertens
