3167 5234
565 547 741 597 AENEIDOS
766 546 836 595 ΗΒ.
851 545 880 592 X·
1144 549 1201 605 ΥΠ

211 690 291 749 Tum
302 689 347 749 sic
362 689 502 768 ignum
513 688 696 764 alloquitur:
718 687 886 765 vigilasne,
902 680 1089 763 deincipem,

211 784 317 843 AEnea
332 784 343 840 i
365 783 468 861 vigilo,
484 790 515 840 et
528 782 604 840 veiis
617 781 739 840 immitte
753 780 905 839 rudentes.

210 877 276 937 Nos
289 896 392 936 sumus
405 876 496 934 ldoeae
509 894 599 934 sucro
612 875 650 933 de
662 874 776 935 vertice
790 874 887 951 pinus,
1142 872 1202 931 2³0

210 972 302 1033 Nunc
316 971 416 1050 pelugi
430 971 458 1029 N
460 971 589 1049 ympnus,
605 971 711 1029 elassis
724 978 787 1029 tus.
830 969 968 1029 Perfidus
982 976 1014 1026 ut
1028 986 1083 1027 nos

209 1064 386 1143 Pracipites
400 1064 479 1123 ferro
492 1064 625 1122 Rutulus
639 1063 817 1140 flummdque
832 1063 995 1140 premebat,

208 1160 358 1237 Rupimus
372 1158 472 1217 invitm
485 1166 538 1216 tun
551 1158 680 1229 vinculo,
696 1166 786 1234 toque
801 1176 855 1235 por
868 1174 972 1232 sequor

209 1252 390 1320 Qussrimus.
432 1251 522 1309 Hunc
536 1252 684 1309 Genetrix
698 1250 807 1309 sociem
820 1251 962 1309 miserate
975 1248 1092 1321 reiecit,

209 1342 247 1405 ut
260 1344 343 1404 dedit
357 1364 426 1403 esse
440 1344 524 1415 dees,
542 1363 698 1420 serumque
713 1344 898 1421 agitassent
913 1343 1009 1401 undis.
1140 1342 1200 1401 285

208 1438 247 1497 At
261 1458 344 1515 puer·
352 1438 503 1496 Asconius
516 1456 601 1495 muro
614 1437 762 1513 fossisque
775 1444 896 1495 tenetur

207 1529 286 1589 'i'eiu
296 1532 377 1589 inter
390 1531 488 1589 medin
501 1539 591 1606 utque
605 1531 762 1587 horrentes
774 1530 875 1588 Marte
888 1528 1024 1589 Latinos.

207 1622 277 1683 Jnm
291 1624 456 1699 ioeujusss
466 1632 570 1682 tenent
584 1623 653 1681 sorti
665 1624 828 1699 permixtus
842 1623 973 1682 Etrusco
997 1656 1000 1663 ,

206 1719 304 1776 Arous
317 1737 420 1795 eques.
462 1716 581 1775 Medias
594 1716 653 1774 iliis
666 1734 816 1793 opponere
830 1726 954 1789 turmas,

207 1810 254 1871 Ne
266 1811 376 1870 cestris
384 1811 524 1889 jungent,
541 1818 626 1869 eertu
639 1818 686 1867 est
699 1810 848 1867 sententia
864 1808 977 1869 Turno.
1137 1812 1198 1871 240

206 1906 302 1983 Surge
316 1924 385 1983 ege,
401 1913 432 1963 et
445 1902 567 1963 Aurorit
579 1904 678 1961 socios
691 1903 829 1961 veniente
844 1904 946 1962 vocari

205 1998 323 2057 Primus
336 1998 366 2055 in
380 1997 463 2056 sime
471 1998 545 2073 jube
562 2016 570 2066 ;
595 2005 625 2055 et
640 1996 777 2074 clypeum
791 2014 878 2073 cepe,
896 2014 984 2073 quem
999 1996 1080 2057 dedit
1093 1997 1156 2077 ipso

206 2091 354 2150 Invictum
367 2092 545 2169 ignipotens,
561 2099 652 2167 utque
666 2108 737 2147 orus
750 2090 851 2148 ambiit
872 2108 957 2150 suro.

207 2186 347 2247 Crastino
361 2188 422 2259 lux,
437 2206 505 2245 mee
518 2187 543 2245 si
557 2204 616 2244 non
631 2185 714 2243 irritu
728 2185 809 2243 dictu
823 2184 948 2263 puniris,

206 2279 346 2359 ingentes
360 2281 482 2339 Rutulus
496 2279 643 2357 spectabit
656 2278 747 2337 coedis
761 2298 896 2338 acervos.
1136 2282 1195 2341 245

205 2372 331 2432 Dixerat
346 2394 355 2444 ;
380 2384 409 2432 et
420 2373 527 2433 dextris
538 2372 698 2431 discedens
710 2371 825 2449 impulit
837 2372 939 2445 situm,

205 2465 296 2525 Haud
311 2468 417 2545 ignma
430 2467 519 2538 modi,
535 2467 663 2544 puppim.
705 2464 797 2543 Fugit
811 2465 862 2524 iliu
875 2485 931 2543 per
943 2466 1038 2527 undas

205 2559 297 2622 Ocior
310 2569 340 2618 ot
349 2560 452 2637 jaculo
466 2568 497 2617 et
509 2568 616 2618 ventos
630 2569 769 2637 sequente
782 2558 904 2637 sagittis.

206 2652 278 2712 Inde
291 2655 359 2713 uiioe
373 2655 507 2712 celerent
520 2672 638 2712 cursus.
681 2655 786 2731 Stupet
800 2652 912 2711 inscius
931 2653 994 2731 ipse

205 2748 518 2817 'I'rosAnchisiudes3
541 2749 656 2807 animos
669 2756 770 2807 temon
783 2747 882 2807 omine
896 2749 981 2809 tollit.
1133 2750 1194 2809 950

205 2842 282 2902 'lum
295 2843 436 2915 breviter,
450 2861 561 2918 supere
574 2841 753 2920 adspectans
767 2860 912 2913 convene,
929 2850 1070 2919 precetur
1084 2860 1092 2902 t

242 2936 331 2994 Almo
344 2954 452 3013 parens
466 2934 550 2993 idme
562 2932 661 3006 delim,
676 2934 727 2993 cui
739 2934 892 3015 Dindymis
906 2935 999 3007 cordi,

205 3026 437 3107 'lirrrigeraeque
451 3030 552 3101 urbcs,
569 3028 723 3107 bijugique
737 3028 776 3085 ed
789 3027 885 3087 fresne
897 3028 1000 3087 leones
1013 3046 1021 3098 ;

204 3120 252 3180 Tu
264 3122 335 3180 mihi
349 3141 430 3181 nunc
444 3140 552 3200 pugnus
566 3122 715 3198 princeps,
727 3129 760 3179 tu
773 3119 830 3179 rite
844 3120 1026 3199 propinques

204 3211 370 3293 Augurium
385 3233 393 3283 ;
416 3213 648 3291 Phrygibusque
662 3212 743 3271 adsis
756 3212 844 3291 pede,
859 3213 950 3286 Dirc,
966 3214 1109 3275 secundo.
1132 3216 1191 3273 265

203 3306 334 3367 Tantum
346 3308 455 3366 effetus
469 3326 478 3376 ;
501 3315 531 3365 et
544 3307 661 3365 intereo
672 3306 810 3365 revoluto
822 3308 930 3365 ruebut

202 3398 326 3459 Muturis
333 3402 396 3477 jum
409 3402 477 3459 luce
491 3400 566 3470 dies,
581 3407 759 3476 noctemque
773 3397 904 3477 fugiunt.

240 3493 392 3570 Principio
405 3492 497 3551 sociis
508 3492 598 3551 edicit
611 3492 700 3571 signs
713 3499 888 3569 sequuntur,

202 3587 303 3663 Atque
316 3588 430 3645 unimus
444 3594 545 3663 aptent
558 3586 659 3658 ermis,
676 3604 845 3664 pugnaeque
860 3594 964 3663 parent
978 3604 1021 3647 se.

201 3679 330 3757 Jamque
343 3682 375 3738 in
388 3686 552 3757 conspectu
565 3680 703 3738 Teucros
716 3679 807 3739 hebet
820 3687 850 3737 et
864 3698 919 3737 suu
937 3687 1048 3751 cestre,
1129 3682 1190 3739 260

202 3774 289 3832 Stuns
299 3772 384 3831 celsi
396 3774 427 3831 in
441 3773 532 3850 puppi
546 3792 554 3841 3
578 3774 716 3851 clypeum
731 3790 821 3848 quum
835 3772 942 3831 deinde
955 3770 1077 3833 sinistri

200 3864 314 3925 Extulit
328 3866 491 3925 ardentem.
534 3864 706 3925 Clamorem
718 3864 870 3924 adsidere
885 3866 991 3925 tollunt

198 3959 381 4021 Dardanides
395 3978 413 4017 e
426 3960 519 4018 muris
536 3978 544 4030 3
566 3976 637 4035 spes
650 3957 751 4016 addua
761 3957 888 4035 suscitat
905 3957 966 4017 irus
979 3976 988 4029 ς

199 4050 277 4111 Telo
288 4072 378 4111 munu
387 4052 505 4128 jaciunt
520 4071 528 4109 ε
552 4052 658 4129 quoles
670 4052 727 4111 sub
740 4050 869 4109 nubibus
883 4050 956 4109 stris

199 4146 375 4222 Strymonius
390 4145 461 4203 dunt
475 4146 564 4223 signu
576 4164 679 4223 grues,
696 4152 787 4220 atquo
802 4143 915 4203 uthere
928 4152 1048 4206 tranunt
1125 4146 1186 4205 265

199 4236 277 4298 Cum
288 4240 398 4310 sonitu,
414 4239 592 4317 fugiuntque
603 4237 697 4298 Notos
705 4237 837 4295 elamore
852 4236 993 4299 secundo.

197 4329 240 4391 At
251 4332 369 4392 Rutulo
380 4332 448 4410 regi
458 4332 648 4409 'ducibusque
661 4344 700 4393 eu
712 4331 788 4391 miru
802 4330 896 4391 vidcri
