3167 5234
552 571 728 620 Anninus
751 574 822 621 mn.
837 574 890 621 111.
1160 582 1210 639 141

224 710 285 772 llla
298 716 419 770 manent
433 708 555 769 immota
568 711 652 782 locis,
667 730 765 789 neque
780 715 819 772 ab
833 712 936 771 ordine
950 712 1067 775 cadunt.

225 804 342 863 Verum
355 804 472 874 eadem,
488 823 577 863 verso
589 805 688 863 tenuis
702 825 792 881 quum
807 806 928 865 cardine
942 817 1047 866 ventus

225 896 358 976 Impulit,
374 904 404 955 et
417 907 539 955 teneras
551 899 682 957 turbavit
696 899 793 974 janua
807 900 937 973 frondes,

224 990 391 1068 Nunquam
403 990 511 1049 deinde
524 1010 599 1050 caro
613 992 766 1051 volitantia
780 994 926 1071 prendere
941 1014 1023 1068 saxo,
1156 995 1216 1053 460

224 1084 295 1143 Nec
309 1103 454 1143 mancare
467 1085 554 1156 sitne,
570 1092 622 1143 aut
637 1083 766 1164 jungere
780 1088 914 1145 carmina
928 1096 1022 1147 curat.

226 1176 395 1236 inconsulti
407 1179 529 1249 abeunt,
544 1178 706 1255 sedemque
720 1178 812 1239 odere
827 1182 956 1258 Sibyllae.

226 1268 292 1329 Hic
304 1270 360 1329 tihi
373 1290 412 1329 ne
426 1290 486 1346 qua
497 1290 588 1329 morse
602 1271 711 1331 fuerint
724 1272 879 1351 dispendia
892 1274 976 1347 tanti,

227 1361 377 1431 Quamvis
389 1363 566 1442 increpitent
579 1365 664 1438 socii,
680 1374 711 1424 et
724 1367 753 1425 vi
767 1387 875 1427 cursus
889 1368 917 1426 in
939 1368 1030 1427 altum

226 1454 419 1529 Velavocet,
435 1458 591 1536 poenisque
605 1460 688 1517 sinus
700 1460 824 1538 implere
839 1461 998 1533 secundos,
1156 1462 1216 1521 too

229 1551 314 1620 Quin
327 1552 418 1611 adeas
432 1561 541 1625 vatem,
555 1555 755 1631 precibusque
768 1556 892 1614 oracula
906 1575 1022 1633 poscas.

229 1644 302 1727 Ipsa
314 1654 414 1718 canat,
430 1666 594 1725 vocemque
609 1648 711 1707 volens
726 1656 816 1724 atque
830 1668 884 1707 ora
897 1650 1036 1709 resolvat.

229 1738 288 1798 Illa
299 1739 353 1798 tihi
367 1739 461 1799 ltaliae
476 1742 610 1819 populos,
626 1750 811 1818 venturaque
828 1742 917 1813 bella,

229 1832 270 1892 Et
285 1854 344 1911 quo
358 1854 506 1912 quemque
520 1836 608 1894 modo
620 1834 779 1914 fugiasque
792 1834 933 1913 serasque
944 1836 1088 1910 laborem,

229 1926 376 2005 Expediet
389 1948 398 1998 ;
421 1947 589 2005 cursusque
603 1928 684 1987 dabit
698 1936 840 1987 venerata
855 1929 1012 1988 secundos.
1157 1929 1217 1987 460

230 2018 309 2080 Haec
322 2028 402 2094 sunt,
419 2041 485 2098 qum
500 2020 604 2080 ncdrd
616 2022 704 2081 liceat
717 2028 747 2079 te
762 2039 836 2079 voce
855 2022 978 2081 moneri.

230 2112 316 2173 Vnde
330 2132 399 2193 ege,
415 2123 445 2173 et
459 2115 611 2193 ingentem
623 2114 711 2174 lactis
724 2114 770 2173 ser
783 2114 821 2172 ed
836 2114 947 2173 ethera
968 2112 1099 2193 Trojam.

271 2206 349 2275 Quae
364 2216 521 2286 postquam
534 2217 618 2266 rates
630 2209 675 2267 sic
688 2227 741 2267 ore
755 2208 863 2267 effatus
875 2209 972 2267 ‘amico
986 2216 1042 2280 est,

232 2298 321 2359 Dona
335 2300 443 2360 dehinc
456 2320 530 2360 auro
543 2302 659 2380 gravia,
674 2310 817 2378 sectoque
831 2301 999 2379 elephanto,

233 2392 360 2472 Imperat
374 2393 413 2453 ad
426 2409 520 2453 naves
533 2395 615 2466 ferri,
630 2395 779 2473 stipatque
792 2396 904 2454 carinis
1158 2395 1218 2453 46⁶

233 2486 344 2566 Ingens
357 2496 524 2567 argentum,
539 2487 771 2565 Dodonaeosque
784 2489 911 2561 lebetas,

232 2580 371 2640 Loricam
385 2590 553 2641 consertam
566 2582 662 2640 hamis
676 2600 811 2659 auroque
823 2582 960 2655 trilicem,

232 2676 272 2735 Et
285 2696 393 2735 conum
406 2676 533 2754 insignis
546 2677 653 2755 galeae,
669 2676 837 2753 cristasque
851 2685 1014 2747 comantes,

233 2770 326 2829 Arma
339 2770 536 2849 Neoptolemi.
577 2769 652 2827 Sunt
666 2776 696 2826 et
709 2788 765 2827 sua
780 2768 860 2827 dona
873 2768 999 2846 parenti.

233 2861 322 2922 Addit
334 2880 440 2941 equos,
455 2863 594 2939 additque
607 2862 722 2931 duces:
1159 2862 1219 2921 ⁴70

217 2956 402 3035 'Remigium
416 2956 533 3035 supplet
546 2974 555 3025 ;
577 2956 676 3015 socios
688 2955 776 3029 simul
789 2955 907 3014 instruit
922 2954 1022 3015 umis.

272 3052 392 3111 Interea
405 3053 534 3111 classem
547 3052 622 3109 velie
636 3060 739 3128 aptare
754 3050 881 3127 jubebat
896 3124 898 3130 Ι

233 3148 392 3218 Anchises,
406 3146 492 3205 fieret
506 3156 594 3204 rento
608 3163 692 3203 mora
705 3164 743 3202 ne
759 3163 819 3221 qua
832 3144 948 3203 lerenti.

234 3240 332 3308 Quem
346 3239 453 3299 Phoehi
467 3238 615 3316 interpres
627 3238 719 3296 multo
732 3238 890 3314 compellat
905 3236 1038 3295 honore:

233 3332 395 3413 conjugio,
410 3333 553 3403 Anchise,
569 3330 699 3390 Veneris
711 3329 833 3408 dignate
847 3332 988 3407 superbo,
1161 3327 1220 3385 476

233 3427 319 3488 Cura
331 3424 430 3497 decim,
447 3426 492 3485 hie
505 3426 680 3505 Pergameis
694 3434 796 3503 erepte
811 3425 915 3496 ruinis,

232 3520 319 3580 Ecce
331 3520 385 3579 tibi
398 3520 540 3578 Ausonios
554 3519 643 3577 tellus
656 3538 665 3588 3
688 3518 766 3577 hanc
781 3517 879 3595 arripe
893 3516 977 3576 velis.

173 3658 178 3669 .
233 3615 275 3676 Et
289 3624 386 3673 tamen
399 3613 476 3673 hanc
491 3614 599 3691 pelago
612 3614 823 3691 praeterlabare
837 3630 962 3671 necesse
977 3618 1041 3671 est:

234 3709 380 3769 Ausoniae
393 3727 463 3786 pars
475 3708 528 3765 illa
541 3707 655 3784 procul,
672 3726 761 3783 quam
775 3706 875 3783 pandit
888 3704 1007 3783 Apollo.

232 3802 334 3873 Vade,
350 3801 402 3873 ait,
419 3800 520 3860 oselix
534 3800 597 3859 nati
610 3800 740 3877 pietate!
781 3798 862 3865 Quid
877 3798 956 3855 ultra
1162 3796 1222 3857 eto

233 3895 399 3966 Provehor,
414 3902 444 3953 et
458 3894 547 3952 sando
560 3900 719 3971 surgentes
733 3892 870 3951 demoror
884 3897 1000 3948 ausuoe
1014 3886 1025 3945 ἓ

235 3988 303 4047 Nec
317 3988 414 4046 minine
427 3986 648 4057 Andromache,
664 3985 800 4062 digressu
817 3991 924 4041 moesta
937 4000 1085 4058 supremo,

235 4080 310 4141 Fert
322 4082 486 4159 picturatas
499 4081 564 4139 auri
577 4079 743 4137 subtemine
757 4086 867 4147 vestes,

235 4176 277 4237 Et
290 4177 454 4254 Phrygiam
467 4176 601 4236 Ascanio
615 4173 802 4250 chlamydem
817 4192 824 4242 ;
851 4190 907 4230 nec
922 4170 1000 4230 cedit
1013 4168 1139 4243 honori3

236 4270 465 4347 Tortilibusque
479 4277 585 4329 onerat
598 4268 693 4339 donis,
710 4286 748 4325 ac
760 4266 833 4325 talia
847 4266 944 4323 satur:
1161 4266 1221 4327 485

235 4365 352 4442 Accipe
368 4372 398 4423 et
411 4364 488 4435 haec,
504 4380 645 4423 manuum
657 4361 712 4420 tihi
727 4380 793 4439 qum
807 4366 995 4419 monumenta
1008 4376 1143 4419 mearum
