3167 5234
559 567 734 616 AENEIDOS
754 569 824 616 ute.
839 569 886 617 vt.

227 705 294 780 Ille,
308 725 408 766 meum
423 704 660 777 comitaturum,
676 706 771 766 merie
784 707 884 766 omnic
897 723 1024 781 mecum.

226 801 327 877 Atque
342 817 446 858 omnee
461 799 619 876 pelagique
633 799 728 858 minoe
742 801 873 877 ooelique
887 801 1003 861 serebut

226 894 390 965 lumidus,
406 894 486 951 vires
499 894 577 952 ultro
590 902 761 970 sortemque
775 906 916 954 eeoectee.

226 987 318 1059 Quin,
336 995 368 1046 ut
380 995 410 1045 te
425 986 548 1064 supplex
563 995 705 1064 peterem,
721 995 751 1045 et
764 996 818 1046 tuo
831 988 933 1046 limine
946 988 1070 1062 adirem,
1154 990 1210 1050 116

225 1080 309 1139 Idem
322 1099 413 1138 oreos
427 1079 565 1138 mandata
580 1079 678 1140 debet.
721 1077 854 1157 Notique
868 1082 1031 1160 patrieque,

224 1173 324 1244 Alme,
341 1191 458 1251 precor,
474 1171 635 1230 miserere:
658 1181 742 1251 poteo
755 1193 884 1250 eumque
897 1175 1020 1245 omnie3
1043 1193 1101 1236 neo
1112 1182 1145 1236 te

224 1266 435 1342 Nequidquam
451 1265 527 1325 lucie
540 1265 661 1324 Hecete
675 1267 809 1343 prefecit
821 1268 960 1327 Avernie.

225 1359 257 1417 Si
270 1358 365 1436 potuit
378 1359 487 1417 Meoee
501 1377 657 1418 arcessere
671 1360 810 1438 conjugio
821 1360 972 1438 Orpheus,

223 1450 370 1512 Threicid
389 1451 483 1512 fretus
497 1451 613 1512 cithare
627 1453 796 1530 fidibusque
809 1455 950 1523 cererin
1154 1457 1211 1516 mu

176 1617 180 1626 ἱ
226 1545 258 1604 Si
274 1545 397 1604 fratrem
410 1545 515 1604 Pollux
531 1545 648 1604 clterod
661 1555 754 1606 morte
768 1547 903 1619 redemit,

225 1636 312 1715 Itque
326 1637 462 1715 reditque
478 1639 554 1700 vium
568 1639 666 1700 totiee.
709 1639 789 1707 Quid
803 1641 935 1712 Theseo,
950 1659 1092 1720 megoum

188 1730 306 1816 *Quid
319 1751 479 1790 memorem
494 1731 644 1792 Alciden?
665 1741 695 1792 et
709 1734 749 1792 ml
763 1751 860 1812 genua
874 1736 912 1793 eb
925 1734 1002 1794 Jove
1016 1749 1140 1796 nummo.

189 1827 235 1851 Μ
264 1824 391 1884 Talibus
405 1827 510 1884 orebet
523 1825 620 1896 dictis,
636 1837 765 1904 ure‘eque
778 1829 899 1886 teoebet
912 1847 921 1897 ;

224 1916 325 1986 Quum
340 1919 384 1978 sic
398 1938 468 1978 orec
480 1919 561 1995 loqui
576 1927 658 1980 votes
672 1939 679 1976 ι
703 1922 773 1980 Sete
786 1920 933 1998 sunguine
946 1918 1060 2000 dietim,
1155 1923 1209 1980 125

124 2056 129 2068 .
223 2011 302 2070 Troe
315 2013 511 2084 Anchisiade,
529 2012 626 2071 socilie
639 2013 804 2072 deoceoeue
817 2015 939 2074 Averno
953 2034 963 2084 ;

224 2105 339 2165 Noctes
353 2114 443 2182 etque
457 2105 521 2164 dieo
535 2114 615 2182 petet
629 2106 687 2164 etri
702 2107 798 2182 jeuue
809 2107 911 2166 Ditie:

226 2196 285 2257 Sed
297 2217 443 2257 revocure
457 2198 593 2278 gradum,
608 2215 795 2277 superaeque
808 2200 937 2260 eredere
951 2200 989 2260 ed
1003 2217 1105 2273 oum,

223 2290 294 2350 Hoc
309 2311 394 2370 opue,
410 2292 462 2351 hio
473 2293 557 2350 labor
570 2300 625 2351 eet.
666 2292 772 2364 Peuci,
790 2313 866 2371 quoe
878 2313 983 2370 oequue
996 2294 1106 2354 emovit
1178 2325 1183 2329 ·

223 2383 351 2462 Jupiter,
369 2393 420 2444 eut
434 2385 542 2444 urdene
556 2385 653 2444 evexit
668 2385 705 2444 ed
720 2387 833 2446 [ethere
846 2387 951 2458 virtue,
1152 2389 1209 2446 teo

222 2477 282 2537 Die
295 2479 399 2556 geniti,
413 2477 547 2556 potudre.
589 2479 708 2538 Tenent
722 2479 1039 2551 mediaomniceilvc,
1146 2529 1154 2536 .

224 2569 420 2648 Cocytusque
433 2572 499 2630 eiuu
513 2572 618 2632 lobene
633 2572 827 2632 circumvenit
842 2580 917 2632 etro.

225 2663 314 2731 Quod
328 2666 354 2726 si
366 2673 467 2724 tentus
480 2685 563 2724 emor
576 2666 677 2737 menti,
693 2666 719 2724 ei
732 2673 816 2724 toute
828 2665 937 2743 cupido
950 2672 998 2725 oet

223 2756 277 2816 Bis
291 2759 409 2836 Stygios
424 2758 527 2818 innare
541 2760 635 2832 locus,
653 2760 698 2819 bie
717 2761 805 2838 nigre
818 2759 919 2818 videre

223 2851 363 2924 Tertere,
379 2861 409 2911 et
423 2854 527 2913 iuecno
543 2854 629 2930 juvet
648 2855 802 2933 indulgere
816 2854 923 2926 labori,
1153 2855 1208 2914 too

223 2946 349 3023 Accipe,
368 2965 433 3022 qum
448 2948 620 3025 peregende
633 2948 724 3025 pride.
766 2947 856 3006 Lutet
869 2949 978 3006 erbore
991 2945 1090 3025 opued,

223 3037 346 3098 Aureus
356 3047 389 3097 'et
403 3039 480 3098 loli'u
493 3051 523 3098 et
537 3041 617 3100 lento
631 3041 739 3100 vimine
752 3059 864 3112 mmm,

223 3130 335 3190 Juoooi
349 3132 471 3192 infer-nte
484 3133 582 3192 dictus
595 3152 703 3192 secer:
725 3136 805 3194 hunc
818 3135 894 3212 tegit
906 3134 1003 3194 omoie

222 3222 338 3296 Lucus,
354 3232 383 3282 et
397 3226 534 3284 obscuris
548 3227 689 3286 claudunt
703 3228 888 3287 convallibus
900 3229 1024 3288 umbrae.

223 3317 283 3376 Sed
297 3337 356 3376 nou
371 3318 438 3376 ontd
453 3320 541 3378 detur
554 3319 670 3379 telluris
683 3329 788 3397 operte
801 3321 913 3392 subire,
1153 3321 1209 3377 14⁰

222 3410 402 3470 Auricomoe
417 3411 504 3489 qudm
520 3414 585 3490 quie
599 3413 781 3490 decerpserit
800 3416 908 3472 arbore
922 3412 1022 3472 t‘oetue.

222 3503 296 3563 Hoc
309 3505 365 3563 eibi
380 3505 503 3583 pulchre
516 3525 603 3566 suum
616 3508 687 3566 ferri
701 3507 885 3585 Proserpiue
896 3524 1003 3566 muoue

222 3596 363 3658 loetituit.
404 3599 505 3659 Primo
521 3601 634 3672 avulso,
651 3619 709 3660 uon
723 3601 825 3660 deficit
837 3601 915 3660 ulter

222 3691 344 3749 Aureus
358 3711 365 3760 ;
390 3701 419 3751 et
430 3692 521 3752 simili
535 3693 695 3754 frondescit
710 3695 798 3772 virgo
810 3693 939 3753 metullo.

221 3781 308 3863 Ergo
323 3784 381 3843 oltd
395 3787 513 3865 vestigo
525 3789 630 3860 oculis,
645 3798 675 3847 et
692 3788 747 3848 ritd
762 3797 913 3866 repertum
1153 3785 1208 3844 tto

223 3875 326 3954 Carpe
341 3897 430 3940 manu
444 3899 450 3937 :
475 3899 603 3957 nemque
617 3881 680 3959 ipse
694 3881 799 3940 volens
812 3880 968 3956 sccilieque
981 3883 1135 3956 eequetur,

191 4021 195 4043 ,
224 3969 258 4028 Si
270 3979 300 4028 te
314 3971 375 4030 sete
388 3981 496 4032 vocent
512 3993 520 4044 3
543 3975 640 4046 aliter,
656 3993 715 4033 nou
728 3973 842 4032 viribus
856 3972 925 4031 ullie

192 4064 365 4150 'p-Viocere,
384 4087 441 4126 nec
454 4069 529 4130 dure
543 4070 654 4148 poteris
668 4069 838 4129 convellere
852 4068 940 4129 serio.

220 4157 377 4219 Proeteree
393 4161 476 4237 jocel
490 4163 659 4222 exanimum
672 4162 726 4221 tibi
739 4181 848 4240 corpus
862 4162 962 4234 amici,

221 4253 309 4327 (Heu
325 4257 425 4316 neecie
438 4257 462 4335 l)
483 4265 635 4336 totamque
650 4259 776 4318 incestet
790 4259 896 4318 funere
910 4259 1048 4330 cleeeem,
1151 4261 1208 4320 tto

218 4346 303 4408 Dum
318 4351 456 4411 consulte
475 4353 563 4431 petie,
578 4360 740 4430 ooetroque
753 4353 785 4412 iu
798 4351 899 4412 liudue
913 4351 1035 4431 pendeo.
