3167 5234
551 549 726 599 muninus
746 550 817 599 ΗΒ.
832 550 861 597 V.

209 692 301 754 Nunc
313 691 440 763 nimos,
457 689 565 768 quihus
583 690 614 751 iu
627 688 756 749 Getulis
769 689 908 766 Syitihus
920 690 978 763 usi,

210 786 356 861 Ionioque
369 784 456 855 muri,
471 782 643 858 Melooque
655 783 837 858 sequacibus
850 783 947 843 undis.

210 878 280 937 Nou
296 878 360 954 jem
379 877 474 955 primu
486 884 556 954 peto
568 875 757 949 Mnestheus,
771 896 871 953 neque
885 877 1006 937 vincere
1019 886 1123 939 corto:

210 968 394 1047 Qunnqnem
407 973 447 1028 ot
468 970 523 1031 sod
536 978 688 1047 superent,
705 971 812 1046 quihus
826 971 894 1042 hoc,
910 971 1060 1050 Neptune,
1076 972 1193 1037 dedisti.

210 1062 371 1122 Emicmos
382 1062 653 1142 pedestrediisse:
674 1064 733 1123 hoc
746 1064 866 1137 vincite,
882 1065 974 1137 cives,
1140 1072 1194 1129 19⁶

210 1156 251 1215 m
269 1157 424 1235 prohibete
437 1157 533 1216 nelns.
574 1156 635 1216 Olli
649 1159 812 1218 certamine
826 1176 939 1218 summo

210 1248 413 1309 Procumbunt
429 1270 438 1320 ;
461 1250 553 1309 vestis
565 1251 666 1309 tremit
678 1252 787 1311 ictibus
801 1272 881 1311 uren
894 1253 1011 1331 puppis,

212 1344 461 1422 Subtrahitur-qne
473 1346 570 1403 solum
583 1364 591 1403 t
614 1353 676 1405 tum
689 1348 797 1405 umber
810 1348 957 1407 anhelitus
970 1357 1054 1409 ortus

211 1436 367 1514 Arideque
379 1458 434 1501 ore
448 1440 542 1516 quntit
557 1456 568 1509 ς
590 1440 682 1498 sudor
693 1440 758 1498 lluit
771 1440 902 1517 undique
915 1442 997 1502 rivis.
1136 1446 1197 1503 hm

249 1530 357 1589 Attulit
370 1532 434 1609 ipse
448 1532 521 1590 viris
533 1539 666 1610 optutum
680 1552 770 1591 cesus
782 1534 926 1593 honorem
941 1552 950 1592 t

211 1622 360 1700 Namque,
375 1624 480 1685 lutens
491 1626 592 1697 enimi,
607 1625 676 1685 dum
691 1644 809 1703 prorum
824 1625 862 1684 nd
875 1644 950 1686 sens
962 1628 1106 1708 suburget

212 1715 350 1789 interior,
365 1718 521 1795 spatioque
534 1719 615 1777 subit
628 1719 789 1797 Sergestus
805 1720 918 1796 iniquo,

211 1808 319 1868 Infelix
331 1811 412 1871 suxis
426 1810 457 1869 iu
471 1812 714 1888 procurrentibus
728 1811 825 1873 hinnit.
869 1842 875 1857 ι

210 1901 378 1963 (lonensem
391 1912 506 1976 contos,
522 1912 552 1962 et
567 1912 657 1964 scuto
671 1905 830 1963 inmusice
844 1906 918 1965 remi
1135 1908 1196 1969 205

210 1994 320 2055 obnixi
334 1994 490 2075 crepuire‚
506 1998 644 2074 illicoque
657 2018 748 2075 proin
761 1998 908 2076 pependit.

211 2088 406 2168 Consurgunt
417 2098 529 2163 nuntie,
544 2100 575 2149 et
593 2108 702 2169 megno
715 2093 846 2149 elamore
860 2100 1013 2153 morentur
1027 2110 1036 2151 t

209 2180 413 2259 Ferretnsque
425 2184 529 2241 trudes
542 2192 572 2241 et
586 2183 678 2242 scuti
690 2184 814 2261 cuspide
828 2194 932 2244 contos

209 2274 379 2353 Expediunt
394 2295 403 2346 ;
425 2276 597 2353 fructosque
610 2278 715 2355 legunt
729 2278 760 2335 in
773 2278 894 2355 gurgite
907 2296 1016 2337 remos.

210 2368 250 2429 m
265 2370 353 2429 lutus
365 2370 553 2443 Mnestheus,
569 2388 773 2446 successuque
786 2371 887 2429 eci-ior
900 2371 975 2449 ipso,
1135 2372 1197 2431 210

209 2463 337 2541 Agmhie
351 2482 499 2523 remomm
512 2464 617 2535 celeri,
632 2464 789 2540 ventisque
803 2464 929 2536 vocetis,

209 2555 307 2615 Prone
322 2557 394 2635 petit
407 2558 513 2629 muris,
528 2565 559 2615 et
572 2556 682 2635 pelsgo
694 2556 827 2615 decurrit
841 2564 954 2635 operto.

211 2648 317 2717 Qunlis
333 2648 479 2727 spelunci
495 2649 593 2709 subito
608 2658 755 2709 commotu
768 2634 917 2721 columbe,

211 2741 271 2802 Cui
283 2742 388 2801 domus
400 2752 431 2801 et
443 2742 548 2801 dulces
561 2743 713 2801 lntohroso
725 2743 756 2801 in
770 2742 886 2819 pumice
901 2742 972 2814 uidi,

209 2834 319 2895 Fertur
331 2836 362 2895 in
376 2856 449 2895 erun
462 2836 578 2907 volsus,
591 2836 788 2913 plausumque
802 2836 946 2895 exterrito
960 2835 1065 2913 pennis
1135 2836 1195 2895 216

209 2928 271 2987 Det
290 2937 371 2989 tecto
384 2931 535 3011 ingentem
548 2948 557 2999 3
580 2947 648 2988 mox
662 2932 732 2988 cire
745 2930 831 3007 lnpse
846 2929 956 3005 quieto,

209 3022 301 3081 Redit
314 3023 372 3082 iter
384 3024 538 3101 liquidum,
554 3024 672 3083 celeres
684 3042 783 3099 nequo
797 3030 961 3081 commovet
976 3022 1039 3083 elus
1054 3041 1062 3079 :

210 3116 259 3175 Sic
271 3116 461 3188 Mnestheus,
475 3118 519 3175 sic
533 3118 599 3195 ipsu
606 3116 685 3195 t'ugd
697 3125 782 3175 secet
796 3117 899 3175 ultimo
912 3116 1019 3177 Pristis

209 3208 350 3286 AEquorn
363 3228 372 3279 ;
394 3211 439 3269 sie
452 3210 534 3269 illem
547 3210 606 3269 fert
618 3210 745 3289 impetus
759 3210 823 3287 ipse
837 3212 996 3269 volentem.

207 3300 248 3360 'm
260 3302 387 3379 primum
400 3304 430 3361 in
444 3304 567 3381 scopulo
580 3304 743 3362 luctnntem
756 3304 868 3362 deserit
881 3303 942 3361 ulto
1135 3302 1195 3363 220

209 3395 381 3473 Sergestum
397 3397 596 3474 brevibusque
611 3396 706 3467 vedis,
721 3396 892 3469 srustrnque
907 3402 1064 3455 vocantem

208 3487 340 3559 Auxilio,
354 3496 386 3545 et
402 3489 507 3547 finctis
520 3488 684 3547 discentem
697 3507 821 3547 enuere
836 3488 935 3547 remis.

208 3576 284 3639 Inde
297 3581 388 3658 Gyen
400 3582 554 3659 ipsumque
568 3582 683 3661 ingenti
694 3582 772 3641 mole
787 3582 971 3641 Chimaeram

209 3672 436 3751 Consequitur:
457 3675 548 3747 cedit,
565 3675 704 3751 quonium
721 3675 849 3753 spoliate
862 3675 1006 3752 magistro
1018 3679 1075 3735 est.

206 3766 296 3825 Solus
311 3766 433 3845 jamque
448 3769 513 3847 ipso
524 3769 706 3846 supet-ostiu
719 3769 779 3827 line
793 3768 985 3835 Cloanthum
1134 3767 1195 3827 225

208 3858 308 3927 Quem
321 3861 404 3937 petit,
420 3870 451 3920 et
463 3863 586 3921 summis
600 3862 727 3920 eduinus
739 3862 853 3919 viribus
868 3867 965 3937 urget.

207 3952 286 4012 Tum
300 3953 373 4012 vero
391 3955 554 4032 ingeminet
567 3956 689 4027 clamor,
705 3954 866 4029 cunctique
880 3960 1056 4029 sequentem

207 4044 357 4124 lustignnt
370 4049 486 4120 studiis,
501 4056 683 4124 remeatque
696 4047 864 4125 fragoribus
879 4046 981 4106 uther.

206 4138 253 4198 Hi
265 4142 416 4219 proprium
429 4142 523 4201 decus
537 4150 568 4201 et
580 4150 695 4219 portum
708 4142 901 4219 indignentur
914 4141 1056 4201 honorem

206 4230 248 4291 >tt
259 4240 395 4306 teuennt,
410 4236 561 4313 vitemque
575 4235 677 4295 volunt
691 4254 743 4313 pro
757 4234 845 4294 leude
860 4234 983 4313 pacisci.
1134 4236 1194 4301 ΒΟ

204 4324 275 4386 Hos
288 4346 450 4390 succensus
464 4332 516 4390 elit
528 4350 537 4402 ;
560 4339 694 4411 possunt,
710 4331 781 4408 quin
794 4350 881 4408 posse
895 4330 1041 4393 videntur.
