3167 5234
523 570 700 619 AENEIDOS
719 572 789 619 ma
805 572 885 620 vltt.

209 712 359 790 Populeas
373 711 451 771 inter
464 711 565 769 senior
578 730 611 769 se
625 712 761 770 attollere
775 710 897 771 frondes

210 806 311 867 Visus.
353 805 433 865 Eum
447 806 545 864 tenuis
558 806 668 883 glauco
682 805 803 864 velabat
821 804 931 863 amictu

212 899 377 972 Carbasus,
394 908 423 957 ct
438 899 539 959 crines
552 900 692 957 umbrosa
705 901 827 976 tegebat
841 898 965 957 arundo.

210 991 288 1053 Tum
302 995 346 1053 sic
361 994 457 1066 affari,
474 1002 503 1051 et
517 1011 606 1052 curas
620 993 666 1051 his
680 992 801 1051 demere
815 992 904 1051 dictis
918 1010 926 1050 ε

247 1087 277 1145 Ο
290 1096 354 1147 sate
369 1096 459 1165 gente
473 1083 572 1158 dctim,
587 1086 751 1162 Trojanam
763 1106 803 1144 ex
816 1086 950 1144 hostibus
963 1086 1068 1146 urbam

211 1178 272 1253 Qui
285 1181 404 1239 revehis
419 1180 513 1251 nobis,
530 1186 703 1255 eternaque
716 1179 866 1257 Pergama
881 1198 996 1251 serras,

209 1272 391 1351 Exspectate
406 1274 470 1331 solo
483 1271 630 1332 Laurenti
645 1273 784 1349 arvisque
797 1271 925 1344 Latinis,

209 1366 271 1425 Hic
286 1366 339 1425 tibi
354 1374 438 1425 certa
451 1366 554 1425 domur
569 1385 576 1435 3
601 1366 686 1438 certi,
702 1385 740 1425 nc
756 1365 878 1436 absiste,
893 1365 1046 1437 Penates3

209 1459 276 1518 Neu
292 1459 362 1517 belli
376 1466 491 1517 t'errere
505 1459 600 1518 minis.
634 1458 749 1518 Tumor
761 1459 857 1518 omnis
870 1467 901 1517 et
918 1459 972 1519 irie

210 1550 399 1613 Concessere
413 1550 511 1611 deum.

138 1658 141 1665 ’
208 1646 336 1723 Jamque
350 1646 413 1718 tibi,
429 1665 467 1704 ne
483 1664 561 1704 vena
574 1654 660 1723 putes
675 1646 740 1705 haec
755 1645 870 1723 fingere
888 1662 1033 1717 somnum,

208 1738 349 1798 Littoreis
362 1740 469 1817 ingens
482 1739 603 1797 inventa
616 1740 671 1797 sub
686 1738 804 1797 ilicibus
821 1757 884 1810 sus,

209 1832 346 1911 Triginta
359 1833 487 1909 capitum
503 1832 592 1891 scetus
606 1832 704 1903 enixa,
715 1832 840 1907 jacebit,

208 1927 296 1997 Alba,
313 1926 378 1984 solo
391 1928 551 1996 recubans,
568 1926 626 1983 albi
640 1925 753 1984 circum
768 1926 863 1983 ubera
875 1924 946 1983 nati.

211 2020 285 2098 [Hic
299 2021 384 2078 locus
398 2019 479 2077 urbis
493 2020 559 2089 erit,
576 2018 697 2095 requies
711 2036 749 2076 sa
762 2025 847 2076 certa
860 2018 996 2077 laborum
1008 2016 1033 2098 t]

208 2114 254 2172 Ex
270 2132 328 2189 quo
341 2122 388 2171 ter
401 2112 486 2171 denis
499 2114 603 2171 urbem
616 2111 811 2170 redeuntibus
824 2110 910 2169 annis

208 2207 355 2265 Ascanius
369 2206 443 2264 clari
457 2205 564 2263 condet
578 2204 763 2283 cognominis
776 2204 894 2263 Albam.

208 2300 297 2359 Haud
312 2301 428 2357 incerta
442 2317 527 2357 cano.
569 2298 598 2357 N
601 2317 660 2357 unc
675 2296 736 2373 qud
749 2297 876 2368 ratione,
893 2295 972 2373 quod
986 2295 1086 2369 instat,

207 2394 356 2471 Expedies
370 2393 475 2462 victor,
492 2392 605 2469 paucis,
622 2390 754 2461 adverte,
771 2390 895 2449 docebo.

208 2487 340 2545 Arcades
354 2486 401 2545 his
414 2486 485 2557 oris,
501 2504 597 2563 genus
612 2504 630 2543 a
642 2483 780 2543 Pallante
795 2482 970 2561 profectum,

209 2580 267 2649 Qui
281 2598 384 2659 regem
397 2578 571 2639 Evandrum
585 2578 719 2647 comites,
736 2576 787 2652 qui
800 2575 887 2653 signa
900 2575 1007 2649 secuti,

207 2672 355 2751 Delsgsre
370 2674 477 2743 locum,
493 2681 522 2730 et
536 2669 664 2748 posudre
678 2671 708 2729 in
723 2670 870 2727 montibus
884 2670 998 2741 urbem,

207 2766 348 2825 Pallantis
362 2766 464 2844 proavi
479 2766 515 2825 da
529 2766 646 2824 nominc
660 2764 855 2823 Pallenteum.

206 2858 247 2919 Hi
261 2860 371 2919 bellum
386 2859 505 2917 assidud
519 2859 630 2917 ducunt
643 2877 712 2916 cum
724 2864 815 2934 gente
827 2853 940 2914 Latini
954 2874 963 2925 ;

207 2952 271 3011 Hos
285 2953 392 3011 castris
407 2952 513 3011 adhibe
528 2952 637 3022 socios,
654 2960 684 3007 et
699 2950 814 3009 soedera
824 2948 929 3027 junge.
1021 2969 1026 2979 ·

207 3043 272 3122 Ipse
286 3065 344 3124 ego
357 3054 387 3103 te
402 3045 473 3121 ripis
487 3052 517 3103 et
532 3052 615 3103 recto
628 3022 748 3101 flumine
761 3042 881 3113 ducem,

206 3138 371 3197 Adversum
382 3139 473 3197 retnis
487 3156 610 3215 superes
624 3139 784 3195 subvectus
799 3144 831 3193 ut
845 3154 973 3197 emnem.

207 3232 310 3310 Surge,
328 3251 397 3310 aga,
413 3240 482 3289 neta
497 3229 555 3289 deri
571 3250 578 3301 ;
601 3231 762 3307 primisque
776 3228 953 3289 cadentibus
967 3230 1067 3304 amris,

205 3324 313 3383 Junoni
328 3325 373 3382 ser
386 3324 441 3383 ritd
456 3344 572 3402 preces,
589 3324 722 3399 iramque
737 3323 893 3398 minusque

206 3418 392 3496 Supplicibus
406 3437 515 3494 supere
528 3417 615 3476 votis.
656 3416 733 3475 Mihi
745 3416 842 3474 victor
854 3415 997 3475 honorem

203 3509 369 3570 Persolres.
411 3510 480 3588 Ego
495 3530 570 3581 sum,
586 3510 674 3587 pleno
689 3528 776 3586 quem
790 3508 911 3567 flumine
929 3508 1028 3567 cernis

204 3604 400 3682 stringentem
415 3604 505 3681 ripas,
522 3612 552 3663 et
567 3602 687 3681 pinguia
701 3602 782 3660 culta
796 3610 959 3673 secantem,

204 3696 360 3757 Caeruleus
373 3698 494 3774 Tybris,
511 3697 588 3756 coelo
602 3694 789 3774 gratissimus
806 3693 911 3753 amnis.

202 3788 263 3849 Hic
276 3791 347 3849 mibi
361 3810 471 3868 magna
485 3790 598 3861 domus,
615 3788 704 3847 celsis
718 3795 808 3863 ceput
822 3787 945 3845 urbibus
958 3786 1026 3846 exit.

237 3884 321 3943 Dixit
335 3903 343 3954 ;
368 3882 474 3943 deinde
488 3884 556 3941 lecu
570 3883 677 3941 fluvius
692 3900 724 3939 se
739 3880 869 3938 condidit
882 3879 953 3949 ulto,

201 3975 264 4035 Ima
276 3986 390 4055 petens.
433 3978 463 4036 N
465 3997 502 4035 ox
515 3977 640 4035 AEncan
654 3992 833 4050 somnusque
848 3970 977 4047 reliquit.

202 4072 310 4149 Surgit,
327 4080 367 4143 et,
385 4072 498 4129 aetherii
512 4078 653 4149 spectans
667 4068 791 4126 umentia
807 4066 878 4123 solis

199 4162 337 4236 Lumina,
354 4164 410 4222 rite
425 4165 508 4223 cavis
523 4164 632 4221 undam
645 4161 682 4218 de
696 4149 816 4217 flumine
831 4158 938 4236 palmis

200 4258 334 4329 Sustulit,
352 4278 388 4315 ac
402 4259 477 4316 tates
491 4257 614 4315 effundit
629 4255 665 4313 ad
682 4253 795 4312 aethere
806 4271 919 4311 voces:
1146 4255 1186 4311 70

199 4350 356 4429 Nymphae,
372 4350 542 4409 Laurentes
555 4349 584 4408 N
586 4348 713 4426 ympbae,
730 4366 827 4425 genus
840 4346 977 4404 amnibus
989 4343 1069 4405 unda
1082 4354 1139 4418 ast,

433 4446 499 4502 20*
939 4456 982 4497 nn
