3167 5234
558 568 734 621 melnes
753 572 823 621 ΜΒ.
837 572 867 622 Χ.

214 708 404 781 Crediderat,
421 708 559 786 coeloque
574 711 703 771 animum
716 712 843 771 fortasse
857 712 984 785 ferebat,

215 803 425 879 Canitiemque
439 802 540 861 sibiet
553 804 658 883 longos
672 805 846 883 promiserat
861 826 964 866 annos.

214 896 379 973 Tarquitus
392 896 545 954 exsultans
559 898 665 955 contra
678 898 860 977 fulgentibus
875 899 975 971 armis,
1141 902 1200 960 660

215 992 364 1051 Silricolaa
378 992 485 1050 Fauno
497 992 621 1070 Dryope
637 1012 725 1070 quem
738 994 878 1073 Nympha
891 992 1021 1067 crearat,

215 1084 331 1144 Obvius
344 1085 460 1143 ardenti
473 1103 541 1143 sese
555 1086 678 1145 obtulit:
700 1088 750 1147 ille
768 1086 895 1148 reducti

214 1177 358 1238 Loricam
370 1178 528 1256 clypeique
542 1179 648 1257 ingens
662 1200 737 1239 onas
750 1181 870 1259 impedit
884 1182 978 1243 hestl.

215 1272 295 1331 Tum
307 1278 397 1349 caput
410 1272 524 1330 orantis
536 1272 746 1350 nequidquam,
763 1281 792 1332 et
807 1276 899 1335 multa
913 1276 1045 1354 parentis

216 1366 340 1439 Dicere,
356 1366 495 1425 deturbat
507 1375 597 1427 teme
611 1388 619 1438 ;
642 1377 839 1447 truncumque
853 1380 1004 1449 tepentem
1144 1374 1202 1431 666

216 1459 410 1531 Provolrens,
427 1478 517 1537 super
529 1460 596 1519 hsc
608 1461 728 1520 inimico
742 1471 864 1540 pectore
877 1465 957 1523 fatur
971 1483 979 1522 ι

217 1553 292 1613 istic
305 1560 394 1625 nond,
411 1554 578 1625 metuende,
590 1554 660 1630 jece
674 1559 681 1613 t
701 1574 762 1614 non
774 1564 805 1615 te
818 1557 929 1634 optima
942 1565 1038 1617 mater
1113 1546 1118 1569 ¹

217 1646 336 1709 Condet
349 1648 442 1719 humi,
456 1648 588 1725 patriore
602 1650 739 1707 onerabit
752 1652 886 1708 membra
899 1652 1038 1728 sepulcro
1052 1669 1060 1709 ι

217 1742 348 1802 Alitibus
362 1739 498 1815 linquere
512 1742 584 1800 feris
597 1761 606 1812 3
629 1751 680 1801 sut
693 1744 812 1822 gurgite
827 1762 957 1803 mersum

217 1834 304 1895 Unda
316 1834 404 1908 feret,
419 1834 577 1913 piscesque
590 1836 709 1914 impasti
721 1839 847 1914 vulnera
860 1838 999 1898 lambent.
1145 1840 1204 1897 560

217 1930 366 1990 Protenus
379 1930 521 2007 Antasnm
534 1939 563 1989 et
577 1931 705 2004 Lucem,
722 1934 816 2010 prima
830 1934 949 2011 agmins
963 1934 1071 2006 Turni,

217 2024 424 2105 Persequitur,
438 2024 605 2102 fortemque
618 2026 760 2098 Numam,
775 2027 948 2103 fulvumque
963 2026 1146 2100 Camertem,

216 2118 411 2197 Magnanimo
424 2108 588 2176 Volscents
602 2126 710 2190 satum,
724 2120 886 2179 ditissimus
901 2120 966 2198 egri

219 2210 280 2279 Qui
292 2212 347 2269 fnit
361 2208 557 2282 Ausonidum,
573 2220 602 2269 et
616 2214 716 2271 tacitis
728 2214 865 2291 regnavit
880 2214 1023 2291 Amyclis.

219 2302 349 2383 AEgaeon
364 2305 471 2381 qualis,
488 2312 607 2363 centum
621 2305 671 2363 eui
683 2306 808 2364 brachie
821 2306 933 2377 dicunt,
1145 2306 1204 2365 666

219 2398 433 2474 Centenasque
447 2418 564 2470 manus,
581 2400 799 2477 quinquaginta
811 2400 912 2457 oribus
926 2400 1026 2477 ignem

218 2490 455 2568 Pectoribusque
469 2492 591 2563 arsisse,
605 2492 690 2550 Jovis
707 2512 797 2568 quum
811 2492 935 2551 fulmina
948 2502 1054 2552 eontra

218 2584 277 2643 Tot
293 2585 414 2661 peribus
427 2592 573 2662 streperet
585 2585 710 2662 clypeis,
725 2593 769 2644 tot
783 2586 942 2664 stringeret
956 2604 1044 2645 enses
1058 2604 1067 2644 z

219 2677 269 2735 Sic
282 2685 345 2735 tote
358 2678 479 2735 AEneas
491 2678 614 2736 deserit
628 2679 658 2735 in
673 2697 794 2755 aequore
807 2680 913 2750 victor,

218 2769 259 2829 Ut
271 2772 365 2829 semel
379 2772 503 2849 intepuit
517 2790 629 2831 mucro.
673 2772 756 2839 Quin
769 2790 843 2831 ecce
857 2772 886 2830 N
889 2772 977 2849 iphaei
1145 2772 1204 2831 5¹10

220 2864 424 2944 Quadrijuges
437 2867 467 2924 in
481 2886 576 2942 eques
590 2866 777 2943 adversaque
793 2875 916 2943 pectore
927 2866 1022 2925 tendit
1036 2885 1044 2924 ε

218 2960 318 3035 Atque
332 2960 384 3031 illi,
399 2959 488 3037 longe
502 2959 687 3037 gradientem
701 2969 731 3018 et
745 2960 809 3018 dirs
824 2960 997 3018 frementem

218 3052 260 3110 Ut
272 3050 385 3124 vidire,
401 3062 483 3112 metu
495 3053 586 3124 versi,
601 3060 742 3129 retroque
755 3062 887 3125 ruentes,

218 3144 443 3222 Effunduntque
457 3145 574 3217 ducem,
590 3143 770 3223 rapiuntque
784 3146 821 3204 ad
836 3148 934 3205 littora
948 3164 1064 3206 eunus.

257 3239 379 3298 Interea
393 3239 502 3317 bijugis
515 3240 603 3297 insert
616 3258 650 3297 se
664 3239 809 3318 Lucagus
823 3240 897 3298 albis
1145 3240 1204 3297 575

219 3332 255 3392 ln
268 3333 391 3405 medios,
408 3332 561 3408 fraterque
575 3332 669 3411 Liger
683 3351 690 3389 ε
713 3333 766 3391 sed
779 3334 874 3391 frater
886 3331 1011 3391 habenis

219 3424 328 3485 Flectit
340 3444 435 3501 equos
449 3444 457 3495 3
481 3427 616 3484 strictum
629 3433 706 3484 rotat
719 3445 791 3485 acer
804 3425 948 3503 Lucagus
962 3442 1074 3485 ensem.

218 3518 312 3578 Haud
326 3506 391 3578 tulit
405 3520 524 3578 AEneas
536 3527 620 3577 tanto
634 3519 750 3578 fervore
765 3520 918 3578 furentes:

220 3611 320 3683 irruit,
337 3610 525 3689 adversique
538 3612 646 3691 ingens
659 3613 797 3691 apperuit
810 3612 904 3671 hestl.

219 3704 279 3764 Cui
292 3706 407 3784 Liger:
1145 3704 1205 3765 500

218 3798 288 3858 Non
301 3798 456 3858 Diomedis
470 3818 574 3877 equos,
590 3820 648 3858 nec
661 3818 769 3858 currus
781 3799 882 3858 cernis
895 3796 1018 3869 Achilli,

218 3894 278 3951 Aut
292 3891 433 3971 Phrygias
447 3912 590 3971 campos:
611 3912 691 3952 nunc
705 3894 776 3951 belli
789 3892 857 3951 finis
871 3901 901 3950 et
915 3890 972 3950 aevi

217 3985 278 4044 His
292 3986 411 4045 dabitm·
422 3987 521 4046 terris.
562 3987 686 4044 Vesano
698 3986 772 4044 talia
784 3985 845 4043 late

217 4078 311 4138 Dicta
324 4079 425 4138 rolant
437 4080 542 4159 Ligeri
556 4098 564 4137 r
587 4080 641 4137 sed
654 4100 714 4138 non
727 4087 757 4137 et
770 4079 884 4137 Troius
898 4078 987 4136 heros

216 4170 310 4230 Dicta
324 4179 409 4250 parat
423 4174 550 4243 contrd3
570 4173 704 4249 jaculum
717 4192 786 4231 narn
799 4179 917 4248 torquet
937 4170 967 4230 in
980 4171 1104 4231 hostem.
1144 4170 1203 4231 686

216 4264 363 4344 Lucagus
377 4275 408 4325 ut
421 4286 533 4343 pronus
547 4267 680 4345 peadem
691 4266 723 4324 in
738 4267 864 4325 verbere
877 4266 938 4323 telo

216 4358 379 4419 Admonuit
391 4360 533 4439 bijugos3
549 4360 683 4439 projecto
697 4361 767 4419 dum
781 4360 857 4438 pede
871 4360 947 4419 laevo
