3167 5234
388 528 450 587 m
676 524 703 571 Ρ.
720 522 889 571 vulturnu
910 522 1083 572 musonis

390 660 470 721 Tros
482 662 652 741 Rutqum
666 663 743 735 fuat,
757 663 839 721 nullo
853 662 1022 721 discrimiue
1036 662 1177 734 hebeb03

390 758 451 817 Seu
465 759 533 817 fetis
547 757 655 817 ltaliim
668 768 771 817 castra
781 758 936 817 obsidione
949 767 1099 830 tenestur,

391 852 460 910 Sive
475 872 577 911 errore
591 854 670 911 malo
682 852 785 929 Troia>
798 853 975 929 monitisque
989 852 1127 912 sinistris.

391 945 457 1005 Nec
470 946 601 1005 Rutulos
615 946 709 1005 solvo.
751 948 814 1004 Sus
827 946 937 1022 cuique
950 964 1060 1005 exorre
1072 946 1207 1005 laborem

390 1037 614 1117 Fortunamque
628 1039 733 1099 t'ereut.
774 1040 845 1099 Rex
858 1038 976 1117 Jupiter
990 1039 1129 1097 omuibus
1139 1038 1226 1099 idem.

388 1132 468 1192 Fata
483 1134 559 1191 viam
572 1134 735 1192 invenient.
777 1133 874 1211 Stygii
887 1151 942 1210 per
953 1132 1076 1191 flumina
1088 1132 1201 1206 stema,

389 1224 450 1285 Per
463 1226 529 1305 pico
542 1236 691 1285 torrentes
705 1224 832 1303 utrique
846 1226 990 1304 voragine
1008 1226 1099 1303 ripas,

389 1318 504 1381 Annuit
518 1340 525 1390 ;
549 1330 578 1379 et
591 1330 685 1379 totum
699 1330 772 1379 nutu
786 1320 951 1379 tremefecit
965 1319 1134 1398 Olympum.

389 1412 452 1472 Hic
465 1414 533 1473 finis
546 1415 637 1474 sandi.
680 1415 761 1473 Solio
775 1424 838 1473 tum
851 1414 971 1491 Jupiter
984 1432 1075 1472 aureo

390 1508 491 1587 Surgit
507 1528 515 1578 ;
539 1508 685 1568 coelicolre
698 1508 828 1567 medium
842 1526 929 1585 quam
943 1507 980 1565 ad
996 1507 1097 1565 limina
1110 1504 1232 1567 ducunt.

429 1602 551 1660 Interea
562 1603 669 1662 Rutuli
683 1604 776 1681 portis
788 1603 903 1661 circium
917 1603 1053 1661 omuibus
1070 1602 1180 1661 instent

390 1695 531 1753 Sternere
546 1696 629 1753 carde
643 1696 734 1767 viros,
751 1704 781 1753 et
795 1695 906 1755 moenis
919 1696 1042 1773 cingere
1056 1694 1191 1755 flammis.

389 1788 430 1847 At
443 1788 523 1866 legio
536 1789 712 1847 AEneadaim
727 1788 815 1847 vellis
828 1789 954 1847 obscure
966 1796 1085 1847 tenetur
1099 1806 1108 1845 z

389 1883 457 1943 Nec
471 1904 540 1961 spes
555 1885 616 1943 ulla
628 1884 719 1962 sugas.
759 1884 867 1942 Miseri
880 1892 960 1943 stent
973 1885 1104 1943 turribus
1118 1882 1188 1943 eltis

389 1970 611 2054 Nequidquam,
627 1987 658 2036 et
672 1976 744 2037 rari
757 1996 858 2037 muros
871 1975 994 2066 cinxire
1008 1976 1130 2037 corone.

290 2098 301 2109 -
389 2068 483 2129 Asius
497 2070 690 2143 Imbrasides,
706 2070 968 2148 Hicetaoniusque
981 2072 1167 2148 Thymoetes,

389 2163 593 2241 Assaracique
605 2165 675 2236 duo,
691 2172 722 2222 et
734 2165 835 2223 senior
849 2184 917 2223 cum
932 2164 1061 2224 Castore
1074 2162 1248 2241 Thymbris,

388 2253 491 2315 Prima
504 2257 596 2317 acies.
639 2258 708 2317 Hos
721 2258 857 2336 garmeni
872 2257 1053 2335 Sarpedonis
1067 2260 1164 2330 stabo,

388 2350 430 2409 Et
446 2350 569 2423 Clarus,
583 2359 615 2410 et
628 2351 775 2423 lbemou,
790 2350 890 2429 Lycii
902 2352 1081 2410 comitentur
1093 2352 1132 2409 sb
1146 2348 1219 2411 sut.

388 2442 463 2501 Fert
477 2444 586 2522 ingens
597 2453 660 2503 teto
674 2445 820 2503 connixus
834 2464 961 2522 corpore
974 2462 1089 2515 saxum,

388 2534 482 2595 Haud
498 2546 612 2614 partem
626 2538 767 2616 exiguam
778 2538 895 2609 umetis,
912 2536 1093 2615 Lyrnessins
1107 2538 1233 2611 Acmon,

388 2629 457 2688 Nec
471 2630 572 2707 Clytio
585 2631 723 2708 geniture
736 2632 841 2704 minor,
858 2650 916 2689 nec
929 2630 1021 2689 fratre
1035 2632 1222 2693 Menestheo.

388 2720 434 2780 Hi
443 2722 564 2798 jaculis,
580 2723 622 2781 illi
636 2731 753 2782 certant
765 2724 928 2782 defendere
947 2724 1038 2797 suis,

387 2813 549 2891 Moliriquc
563 2816 674 2894 ignem,
689 2835 844 2892 neruoque
858 2825 962 2894 aptore
977 2818 1112 2895 anginas

389 2905 459 2984 lpse
473 2908 552 2965 inter
564 2908 686 2980 medios,
702 2908 832 2967 Veneris
842 2910 1007 2986 justissime
1020 2929 1105 2983 curs,

387 3000 562 3059 Dardanius
574 3012 675 3079 caput,
692 3021 777 3073 ecce,
795 3021 871 3080 puer
883 3003 1020 3062 detectus
1036 3004 1203 3077 hunnum,

389 3091 496 3159 Qualis
509 3112 636 3171 gemma,
652 3094 752 3166 micat,
768 3095 881 3153 fulvum
895 3116 961 3172 quae
976 3096 1077 3155 dividit
1092 3114 1208 3171 eurum,

387 3185 450 3244 Aut
465 3186 542 3244 collo
556 3187 660 3259 decus,
676 3197 726 3246 sut
740 3188 829 3265 capiti
844 3208 852 3258 ;
876 3190 925 3247 rel
940 3191 1028 3266 quale
1042 3210 1096 3268 per
1109 3200 1206 3250 artem

389 3277 543 3339 Inclusum
555 3281 645 3352 buxo,
662 3290 713 3339 eut
727 3280 835 3341 Oricii
847 3284 1025 3355 terebintho,

388 3371 487 3432 Lucet
500 3374 596 3431 ebur:
618 3374 700 3432 susos
714 3375 816 3433 cervix
830 3376 880 3434 cui
894 3376 993 3435 lactea
1006 3377 1107 3435 crines

387 3467 516 3545 Accipit,
533 3477 562 3525 et
576 3469 656 3527 molli
670 3470 852 3528 subnectens
866 3470 998 3531 circulus
1011 3490 1095 3532 suro.

386 3560 433 3619 Te
448 3581 567 3638 quoque
581 3562 779 3641 magnanimae
792 3564 941 3635 viderunt,
958 3564 1085 3636 Ismara,
1100 3571 1206 3643 gestes
1298 3620 1302 3629 .

365 3651 523 3747 ⁸Vulnere
536 3654 676 3733 dirigere,
692 3664 723 3714 et
736 3656 871 3716 calamos
884 3676 1001 3715 srmsre
1015 3676 1145 3729 veneno,

386 3748 529 3821 Maeonii,
545 3770 705 3829 generose,
721 3750 829 3821 demo;
855 3752 906 3811 nbi
919 3752 1042 3831 pinguis
1055 3754 1140 3811 culta

351 3891 354 3895 .
386 3840 600 3922 Exercentqus
614 3848 680 3919 riri,
696 3847 897 3924 Pactolusque
912 3848 1017 3927 irriget
1031 3858 1115 3909 euro.

386 3937 480 3995 Affuit
494 3946 524 3995 et
537 3938 725 4011 Mnestheus,
742 3958 831 4017 quem
845 3940 922 4018 pulsi
938 3942 1061 4019 pristine
1073 3941 1171 4007 Turni

386 4030 511 4107 Aggere
524 4050 676 4091 murorum
689 4034 846 4093 sublimem
859 4034 956 4112 gloria
967 4035 1043 4092 tollit
1057 4053 1064 4092 :

387 4120 428 4181 Et
442 4120 545 4200 Capys
558 4142 566 4193 ;
590 4124 660 4184 hinc
673 4145 782 4185 nomen
796 4127 959 4205 Campanae
974 4127 1094 4187 ducitur
1107 4127 1185 4189 urlri⁷

426 4214 474 4272 llli
488 4216 565 4275 inter
577 4237 646 4277 sese
659 4220 728 4278 duri
741 4222 907 4279 certamina
920 4221 991 4280 belli

387 4306 586 4368 Contulcrant
599 4330 607 4379 ;
631 4311 731 4371 medii
744 4311 860 4373 AEuens
874 4314 952 4373 freta
965 4323 1054 4382 nocte
1068 4316 1203 4374 secabat.
