3167 5234
575 576 751 627 smarnos
770 578 841 626 nrs.
856 578 909 626 ιη.
1177 584 1235 641 1³5

229 700 331 794 'Viam
347 716 465 797 aperire
480 716 584 795 procul
598 726 723 789 montes,
741 736 777 776 ac
791 718 912 776 volvere
926 718 1046 777 fumum.

245 811 324 871 Vela
337 812 447 872 cadunt
462 830 469 881 ;
494 811 583 869 remis
597 812 778 893 insurgimus
792 832 800 881 3
826 812 906 870 haud
920 830 1013 883 mora,
1028 815 1128 870 nauto

132 956 137 963 .
164 972 175 989 ,
244 904 354 965 Adnisi
366 913 508 982 torquent
521 924 651 983 spumas,
667 914 696 963 st
710 905 824 964 c'aerula
835 913 967 964 verrunt.

107 1029 114 1041 ·
144 994 146 1002 '
227 1006 269 1028 “⁸
284 1002 442 1058 Servatum
457 1018 494 1057 ex
509 999 594 1057 undis
609 1000 806 1077 Strophadum
819 1020 866 1059 me
881 1000 981 1058 littora
995 997 1121 1077 primum

228 1127 230 1136 ›
244 1090 416 1170 Accipiunt.
457 1092 639 1170 Strophades
652 1092 747 1151 Graio
761 1102 841 1153 stant
854 1093 973 1151 nomine
986 1092 1075 1152 dicto
1172 1094 1235 1153 210

243 1184 355 1245 Insulae
371 1184 455 1244 lenio
470 1186 499 1243 in
514 1205 632 1265 magno,
650 1205 724 1262 quas
740 1186 806 1245 dira
819 1186 954 1259 Celaeno,

244 1278 451 1356 Harpyiaeque
466 1279 566 1337 colunt
580 1279 656 1350 aliae,
672 1279 802 1339 Phineia
815 1289 973 1358 postquam

244 1370 361 1432 Clausa
373 1372 488 1444 domus,
504 1392 683 1449 mensasque
698 1381 777 1431 metu
792 1372 906 1450 liquere
921 1374 1046 1451 priores.

242 1464 373 1524 Tristius
387 1464 466 1524 baud
480 1466 538 1524 illis
552 1474 725 1538 monstrum,
741 1486 798 1525 nec
812 1468 920 1526 saevior
935 1467 998 1525 ulla

242 1556 342 1618 Pestis
356 1567 385 1617 et
399 1558 445 1617 ira
459 1556 545 1617 deirm
560 1558 671 1638 Stygiis
685 1578 752 1618 sese
768 1560 871 1618 extulit
885 1560 981 1619 undis.

242 1650 380 1731 Virginei
394 1652 549 1711 volucrum
564 1652 673 1725 vultus,
690 1653 853 1711 soedissima
867 1653 978 1711 ventris
1024 1702 1033 1713 .

241 1744 410 1817 Proluvies,
427 1764 573 1823 uucaeque
587 1764 703 1817 manas,
720 1754 749 1804 et
764 1746 876 1823 pallida
887 1764 1006 1823 semper

241 1838 306 1899 Ora
320 1840 408 1898 same.

280 1931 354 1991 Huc
369 1932 419 1991 ubi
433 1932 523 1992 delati
537 1940 640 2012 portus
655 1934 828 1993 intravimus
842 1954 850 2004 ;
880 1952 954 1993 ecce

239 2022 328 2085 Lata
341 2026 431 2084 boum
444 2028 554 2105 passim
568 2028 680 2105 campis
695 2036 830 2087 armenta
843 2028 987 2098 videmus,

241 2118 506 2199 caprigenumque
521 2140 624 2198 pecus,
641 2121 721 2180 nullo
735 2122 869 2193 custode,
886 2140 940 2199 per
952 2122 1071 2182 herbas.

241 2213 387 2274 Irruimus
402 2214 492 2287 ferro,
508 2222 538 2274 et
552 2216 636 2275 divos
650 2216 805 2295 ipsumque
819 2236 962 2275 vocamus

240 2308 277 2369 In
289 2320 405 2389 partem
417 2310 607 2389 praedamque
621 2312 642 2371 J
643 2332 737 2371 ovem.
777 2312 856 2370 Tum
871 2312 968 2370 littore
982 2330 1076 2371 curvo

238 2400 490 2481 Exstruimusque
504 2412 596 2477 toros,
612 2405 798 2482 dapibusque
813 2406 969 2481 epulamur
981 2405 1097 2483 opimis.

239 2497 280 2555 At
294 2497 400 2555 subitae
415 2496 555 2556 horrifico
567 2498 652 2577 lapsu
667 2497 704 2556 de
718 2500 867 2556 montibus
881 2498 988 2556 adsunt

238 2588 397 2667 Harpyiae,
414 2598 444 2649 et
457 2592 573 2669 magnis
589 2592 723 2669 quatiunt
737 2590 930 2669 clangoribus
945 2590 1019 2663 alas,

238 2682 451 2761 Diripiuntque
466 2684 569 2763 dapes,
585 2694 784 2762 contactuque
800 2685 898 2743 omnia
912 2684 1025 2743 foedant

239 2776 394 2837 Immundo
408 2797 417 2835 τ
437 2784 499 2835 tum
514 2798 570 2836 vox
583 2786 692 2837 tetrum
706 2778 770 2836 dira
785 2778 863 2836 inter
875 2778 1006 2837 odorem.

237 2868 372 2929 Rursum
387 2870 416 2929 in
430 2889 554 2929 secessu
568 2872 658 2949 longo
672 2872 728 2930 sub
742 2890 817 2949 rupe
831 2869 950 2942 cavata,

237 2962 408 3023 Arboribus
422 2964 518 3022 clausi
531 2962 644 3023 circirm
658 2972 748 3041 atque
762 2964 952 3022 horrentibus
965 2962 1089 3037 umbris,

237 3056 417 3117 Instruimus
431 3076 560 3130 mensas,
576 3058 696 3134 arisque
710 3058 881 3135 reponimus
895 3058 1004 3135 ignem.

237 3150 372 3209 Rursum
387 3170 424 3208 ex
437 3150 555 3208 diverso
570 3150 639 3209 coeii
653 3152 803 3227 eaecisque
818 3151 940 3208 latebris

236 3242 343 3302 Turba
357 3262 468 3301 sonans
483 3243 612 3321 praedam
628 3242 752 3321 pedibus
767 3246 960 3302 circumvolat
974 3244 1070 3317 uncis,

235 3334 348 3396 Polluit
362 3356 414 3395 ore
429 3336 529 3414 dapes.
572 3337 668 3395 Sociis
681 3346 763 3408 tunc,
780 3356 865 3396 arma
886 3344 1055 3414 capessent,

236 3428 346 3501 Edico,
362 3439 392 3488 et
407 3428 473 3487 dirui
486 3429 596 3488 bellum
610 3450 677 3488 cum
693 3438 781 3508 gente
797 3428 970 3507 gerendum.

237 3520 333 3580 Haud
347 3542 436 3581 secus
451 3542 487 3580 ac
505 3522 583 3599 jussi
597 3522 718 3594 faciunt,
736 3532 892 3599 tectosque
906 3542 960 3601 per
972 3522 1096 3583 herbam

236 3614 409 3692 Disponunt
424 3635 524 3687 enses,
540 3624 570 3673 et
585 3624 671 3674 scuta
684 3616 807 3673 latentia
820 3616 960 3674 condunt.

235 3708 334 3787 Ergo,
353 3710 402 3767 ubi
416 3708 546 3787 delapsae
561 3711 687 3767 sonitum
702 3730 756 3787 per
769 3730 863 3768 curra
877 3707 988 3769 dedere

234 3798 367 3873 Littora,
383 3803 434 3860 dat
448 3803 565 3880 siguum
580 3802 704 3881 specula
716 3802 854 3861 Misenus
867 3804 906 3860 ab
921 3802 983 3860 atra

237 3894 314 3953 AEre
329 3914 414 3954 cavo.
457 3894 604 3954 Invadunt
619 3896 704 3967 socii,
721 3905 749 3954 ct
763 3914 842 3953 nova
856 3894 962 3972 proelia
978 3902 1103 3970 tentant,

237 3986 411 4047 Obscoenas
426 3990 525 4069 pelagi
539 3989 618 4048 ferro
632 3989 747 4049 soedare
761 3990 909 4049 volueres.

236 4080 296 4140 Sed
310 4100 411 4158 neque
427 4084 484 4140 vim
499 4083 605 4160 plumis
621 4084 710 4141 ultam
724 4102 780 4140 nec
795 4083 920 4142 vulnera
933 4091 1020 4163 tergo

233 4172 401 4252 Accipiunt
414 4194 422 4245 ;
447 4176 598 4253 celerique
613 4175 686 4253 fugai
699 4176 754 4233 sub
768 4176 869 4235 sidera
881 4178 984 4255 lapsae,

233 4268 394 4325 Semesam
408 4269 538 4346 praedam
553 4282 583 4328 et
598 4269 724 4347 vestigia
738 4269 818 4328 foeda
831 4271 1009 4347 relinquunt.

232 4358 304 4419 Una
319 4361 349 4419 in
365 4362 511 4438 praecelsa
525 4363 658 4422 consedit
673 4382 746 4441 rupe
761 4363 896 4437 Celaeno,

232 4451 345 4513 lnseiix
359 4462 454 4528 vates,
471 4456 639 4534 rumpitque
653 4457 731 4515 hane
745 4467 866 4537 pectore
881 4480 1006 4521 vocem:
