3167 5234
357 545 397 603 ἢ
647 541 675 588 Ρ.
694 540 861 588 leGILu
884 541 1058 590 ternotus

355 678 460 748 Quum
473 698 614 740 canerem
627 698 718 758 reges
731 690 762 739 et
775 681 892 758 proelia,
908 681 1058 758 Cynthius
1072 699 1176 740 auran

356 775 460 849 Vellit,
477 785 506 835 et
520 776 691 834 admonuit:
715 777 911 848 “Pastorem,
927 777 1043 853 Tityre,
1058 777 1184 855 pingues

355 869 488 930 Poscere
503 879 619 948 oportet
633 889 715 942 oves,
731 870 891 929 deductum
904 871 1006 930 dicere
1020 870 1176 930 carineo.”
1325 870 1346 930 δ

355 965 384 1026 N
388 985 445 1024 unc
459 985 517 1044 ego
533 967 675 1043 (namque
690 985 780 1042 super
793 965 847 1023 tibi
860 974 948 1023 erunt
961 966 1013 1041 qui
1023 965 1126 1022 dicere
1140 964 1257 1037 leudes,

355 1057 448 1130 Vara,
464 1070 531 1117 tuas
545 1059 676 1135 cupiant,
693 1066 722 1116 et
736 1058 835 1115 tristia
848 1058 978 1116 condere
993 1059 1087 1136 bella)

353 1154 515 1232 Agrestem
528 1151 610 1212 tenui
625 1152 790 1210 meditabor
804 1152 949 1210 arundine
962 1172 1086 1212 mamm.

353 1245 382 1306 N
385 1266 423 1305 on
438 1247 551 1323 injussa
564 1265 650 1304 cano.
694 1246 726 1303 Si
740 1246 807 1321 quis
820 1255 920 1304 tamen
935 1247 1000 1304 brac
1014 1265 1145 1322 quoque,
1160 1247 1268 1324 siquis

296 1353 303 1364 ·
355 1341 471 1419 Captus
486 1361 586 1400 amore
602 1341 683 1418 leget
699 1359 707 1410 ;
730 1350 760 1399 te
776 1355 897 1412 nostrae,
913 1341 1008 1411 Vere,
1023 1343 1156 1418 myricae,
1306 1344 1345 1402 to

353 1431 398 1492 Te
413 1454 518 1493 nemus
532 1455 618 1494 omne
633 1443 720 1492 canet
734 1453 742 1491 :
765 1453 822 1492 nec
835 1434 952 1494 Phoebo
964 1435 1080 1512 gratior
1092 1436 1154 1493 ulla
1165 1443 1222 1507 est,

352 1528 453 1597 Quam
468 1530 523 1589 sibi
538 1548 605 1608 quaa
619 1531 694 1588 Vari
709 1531 889 1608 praescripsit
904 1531 1013 1608 pagina
1025 1549 1143 1590 nomem

390 1623 523 1702 Pergite,
539 1623 685 1682 Pierides.
729 1623 870 1682 Chromis
883 1636 912 1681 et
927 1623 1086 1700 Mnasylus
1099 1624 1129 1682 in
1143 1632 1230 1684 anuo

351 1717 484 1776 Silenum
499 1719 582 1795 pueri
596 1737 701 1776 somno
715 1717 817 1778 vidire
828 1718 992 1794 jacentem,

350 1810 489 1871 Inflatum
503 1813 644 1870 bestamo
657 1831 761 1886 renas,
779 1823 811 1871 ut
824 1831 953 1891 semper,
969 1813 1102 1871 laccho:
1305 1814 1342 1876 15

350 1906 438 1964 Serta
453 1907 556 1983 procul
570 1905 684 1964 tantum
698 1906 787 1983 capiti
801 1905 925 1983 delapsa
935 1907 1089 1982 jacebant,

348 1997 389 2058 Et
402 1999 505 2076 gravis
518 1999 620 2058 attrita
634 1999 781 2076 pendebat
795 2001 958 2058 cantharus
972 1997 1058 2058 snsd.

347 2091 496 2170 Aggressi
512 2093 595 2169 (nam
609 2092 690 2170 saepe
704 2111 796 2152 wne:
811 2113 865 2170 spe
878 2091 1019 2152 carminis
1033 2093 1121 2153 ambo

347 2181 492 2263 Luserat)
508 2185 642 2262 injiciunt
656 2186 728 2262 ipsis
741 2206 779 2244 es
793 2187 914 2245 vincula
926 2187 1023 2246 sertis.

346 2277 439 2337 Addit
453 2297 486 2336 se
500 2279 624 2350 sociam,
641 2279 810 2356 timidisque
824 2280 995 2356 supervenit
1008 2279 1116 2357 AEgle‚

345 2370 454 2450 AEgle‚
471 2371 622 2430 Naiadum
636 2371 837 2449 pulcherrima
851 2391 859 2441 3
879 2373 1002 2450 jamque
1016 2371 1129 2431 ridenti

347 2467 526 2546 Sanguineis
540 2468 665 2526 frontem
680 2469 770 2527 moris
784 2478 814 2527 et
826 2479 961 2547 tempora
975 2469 1077 2547 pingit.

345 2559 401 2618 Ille
415 2561 514 2619 dolum
529 2561 639 2633 ridens,
658 2567 678 2596 “
692 2561 762 2629 Quo
778 2564 898 2621 vincula
912 2563 1031 2621 nectitis
1047 2563 1081 2619 i¹’
1100 2562 1198 2640 inquit
1213 2581 1222 2621 τ

349 2653 493 2711 “Solvite
508 2673 565 2726 rna,
582 2656 667 2731 pueri
683 2673 690 2724 ;
715 2655 788 2714 satis
801 2665 848 2714 est
862 2657 995 2732 potuisse
1009 2655 1112 2716 sideri.

346 2745 499 2817 Carmina,
516 2766 582 2822 quae
597 2746 695 2820 vultis,
711 2749 908 2826 cognoscite:
930 2748 1064 2806 carmina
1076 2750 1170 2822 robis,

345 2837 428 2897 Huic
443 2837 523 2897 aliud
538 2839 685 2898 niet-cedis
699 2841 790 2900 erit.”
831 2841 924 2899 Simul
938 2842 1039 2918 incipit
1060 2842 1133 2920 ipse.

343 2931 422 2991 'Tum
437 2932 509 2995 verb
523 2932 553 2990 in
565 2952 721 2992 numeram
734 2934 918 3010 Faunosque
931 2935 1072 3013 fameque
1086 2935 1204 2997 videras

343 3022 474 3098 Ludere,
490 3035 552 3085 turn
565 3027 679 3105 rigidas
692 3037 806 3086 nictare
819 3029 978 3087 cacumina
991 3049 1120 3105 quercus
1135 3049 1144 3088 τ

343 3120 372 3179 N
375 3141 411 3179 ec
425 3121 541 3181 tantiun
555 3123 671 3182 Phoebo
685 3122 795 3201 gaudet
808 3123 972 3182 Percussis
985 3145 1086 3203 rupes,

342 3212 371 3273 N
375 3233 411 3273 ec
424 3215 538 3274 tantiim
552 3215 698 3294 Rhodope
713 3217 858 3275 mirantur
871 3226 900 3275 et
915 3217 1048 3278 lemarus
1061 3219 1193 3298 Orphea.

380 3307 409 3366 N
412 3327 519 3384 amque
533 3312 671 3380 canebat,
689 3308 731 3368 uti
746 3329 885 3389 magnum
899 3331 953 3389 per
967 3312 1054 3371 inane
1068 3324 1176 3371 coacta

342 3401 462 3460 Semina
474 3411 683 3480 terrarumque
698 3405 867 3480 animaeque
884 3405 1035 3482 marisque
1049 3405 1186 3477 summat,

340 3493 380 3553 Et
394 3495 497 3572 liquidi
511 3497 598 3555 simul
612 3497 690 3575 ignis
706 3517 713 3566 ;
738 3506 769 3555 ut
784 3498 830 3555 his
844 3499 966 3556 exordia
980 3500 1083 3576 primis

339 3586 456 3660 Omnia,
471 3596 501 3648 et
515 3589 579 3666 ipse
591 3598 678 3649 tener
692 3591 792 3650 mundi
805 3593 995 3650 concreverit
1006 3594 1088 3652 orbis
1101 3612 1110 3652 ε

338 3679 417 3740 Tum
432 3682 540 3741 durare
556 3684 662 3755 solum,
678 3693 708 3742 et
722 3684 891 3743 discludere
906 3683 1009 3744 Nerea
1023 3695 1113 3763 ponto

340 3773 485 3853 Coeperit,
502 3785 531 3834 et
546 3796 644 3836 rerum
659 3778 802 3856 paulatim
815 3797 934 3836 sumere
948 3779 1079 3839 formas:

336 3867 465 3947 Jamque
480 3891 587 3932 novum
602 3883 689 3932 terrae
704 3881 842 3951 stupeant
856 3875 1011 3934 lucescere
1025 3877 1119 3934 solem
1134 3894 1143 3946 ;

336 3965 437 4023 Altius
452 3973 540 4042 atque
555 3966 664 4026 cadant
679 3968 824 4026 submotis
837 3969 966 4027 nubibus
980 3969 1089 4028 imbres
1104 3989 1111 4028 τ

337 4055 485 4136 Incipient
499 4061 581 4120 silrae
598 4082 687 4139 quum
702 4064 828 4140 primitm
844 4084 981 4144 surgere,
997 4083 1149 4142 quumque

234 4199 240 4214 .
335 4151 422 4212 Rara
435 4173 489 4232 per
505 4155 622 4232 ignotos
636 4165 736 4215 errent
752 4159 892 4216 animalia
905 4167 1029 4218 montes.

375 4245 457 4306 Hinc
472 4248 586 4326 lapides
600 4249 725 4328 Pyrrltae
736 4251 848 4327 jactos,
863 4252 1003 4311 Salurnis
1018 4269 1122 4332 regna,

336 4339 566 4420 Caucasiasque
577 4344 668 4404 refert
683 4345 832 4417 uolucres,
850 4345 1019 4422 furtumque
1033 4346 1213 4408 l’rotnetbei.
