3167 5234
381 563 440 621 312
679 554 885 604 annotatt
903 554 1072 605 MARONlS

381 694 489 754 Victus
502 714 603 753 amore
616 696 669 767 tui,
686 704 816 773 ecguine
829 696 975 774 sanguiue
989 697 1095 767 vietus,

382 788 529 868 Coniugis
543 798 573 847 et
587 798 701 849 moests
715 790 864 867 lucrymis,
881 790 979 849 vincla
993 789 1092 847 omnia
1105 789 1196 867 ropi·;
1328 790 1370 851 80

380 882 562 941 Promissam
576 882 672 961 eripui
684 900 798 961 genero
812 901 820 952 ;
844 900 927 941 ama
939 883 1030 960 impia
1047 882 1169 960 sumpsi.

380 977 430 1036 Ex
443 978 493 1037 illo
507 979 558 1055 qui
572 996 618 1036 ase
637 996 738 1049 casus,
754 996 831 1054 qun,
846 978 962 1047 Turne,
977 986 1142 1054 sequantur

380 1070 477 1143 Bella,
494 1066 598 1141 vides}
624 1081 750 1149 quuntos
763 1072 876 1148 primus
889 1072 1004 1149 patiare
1021 1072 1148 1130 labores.

379 1162 433 1223 Bis
447 1164 557 1243 magud
571 1164 641 1224 victi
655 1164 757 1243 pugnd
770 1166 819 1223 vix
833 1166 907 1223 urbe
922 1173 1041 1223 tuemur

381 1257 457 1335 Spes
471 1257 589 1327 Italas;
612 1259 746 1317 recolent
761 1265 863 1315 nostro
875 1256 1146 1316 Tiberinaduenta
1325 1258 1364 1316 ³5

381 1350 534 1428 Sanguine
548 1352 657 1423 adhuc,
674 1350 831 1429 campique
845 1351 984 1429 ingentes
996 1351 1113 1409 ossibus
1127 1350 1238 1410 albent.

381 1442 451 1511 Quo
466 1444 581 1504 referor
594 1444 682 1504 toties
696 1444 706 1500 ἲ
729 1462 796 1520 qum
810 1452 939 1503 meatem
952 1444 1069 1503 insania
1082 1452 1176 1502 mutat
1191 1442 1203 1499 ἰ

381 1538 424 1607 si,
440 1538 544 1598 Turno
559 1538 715 1609 exstincto,
731 1538 830 1595 socios
844 1556 909 1595 sum
923 1538 1039 1596 adscire
1058 1546 1191 1615 paratus,

381 1629 447 1690 Cur
460 1651 519 1690 non
533 1632 672 1691 incolumi
687 1630 784 1709 potitis
798 1632 962 1689 ornamina
974 1630 1046 1688 tollo
1060 1630 1071 1686 i

380 1722 461 1791 Quid
475 1724 690 1801 consanguinei
704 1723 820 1795 Rutuli,
837 1722 908 1800 quid
921 1732 1033 1782 caetera
1045 1724 1125 1783 dicet
1327 1724 1365 1781 40

380 1813 479 1887 Italia,
497 1815 534 1875 ad
548 1825 673 1876 mortem
686 1817 711 1875 si
724 1828 755 1875 te
770 1816 863 1893 (Fors
875 1816 956 1874 dicta
969 1817 1079 1875 refutet
1094 1816 1118 1893 l)

380 1908 575 1981 Prodiderim,
592 1918 735 1968 natumst
749 1910 899 1967 connuhio
912 1918 1017 1967 nostra
1030 1908 1204 1987 petentem?

381 2002 512 2081 Respice
527 2022 575 2061 res
589 2004 667 2061 bello
682 2004 802 2073 rurias3
827 2003 968 2061 miserere
983 2004 1115 2082 parentis

379 2096 536 2175 Lougaevi,
554 2116 640 2173 quem
654 2116 734 2157 nunc
749 2106 886 2156 moestum
900 2098 998 2175 patria
1009 2098 1114 2156 Ardea
1127 2097 1217 2177 longe

379 2188 503 2251 Dividit.
545 2190 791 2267 Haudquaquam
804 2190 892 2249 dietie
905 2190 1046 2249 violentia
1057 2192 1154 2250 Turni
1329 2190 1365 2247 tu

380 2282 549 2343 Flectitur:
572 2292 732 2363 exsuperat
746 2284 854 2362 magis,
871 2285 1070 2361 aegrescitque
1091 2284 1248 2344 medendo.

380 2374 420 2435 Ut
434 2376 558 2454 primum
573 2377 629 2435 sari
642 2378 746 2455 potuit,
762 2378 806 2437 sic
821 2378 924 2435 institit
937 2395 990 2435 ore
1006 2396 1014 2434 ε

381 2468 482 2537 Quem
497 2490 549 2547 pro
563 2489 610 2529 me
624 2490 727 2529 curam
741 2471 833 2549 geris,
849 2471 928 2529 banc
945 2490 1062 2548 precor,
1077 2471 1198 2550 optime,
1215 2490 1272 2550 pro
1282 2487 1330 2531 ure

383 2562 536 2641 Deponas,
550 2564 701 2640 letumque
714 2564 798 2623 siuas
809 2582 863 2641 pro
878 2563 965 2621 laude
981 2565 1104 2641 pacisci.

381 2656 421 2715 ut
436 2677 490 2716 nos
503 2658 574 2729 tela,
588 2666 682 2734 pater,
699 2658 871 2733 ferrumque
884 2656 964 2716 haud
975 2657 1074 2715 debile
1088 2656 1196 2717 destrui
1329 2658 1367 2716 50

382 2750 565 2828 spargimus,
582 2758 612 2807 et
625 2759 726 2808 nostro
740 2751 877 2826 sequitur
888 2750 927 2809 de
940 2751 1065 2808 vulnere
1077 2751 1211 2829 sanguis.

380 2842 486 2921 Longe
500 2844 542 2901 illi
557 2843 614 2901 dea
627 2850 721 2901 mater
735 2843 802 2913 erit,
819 2862 886 2919 que
899 2844 980 2901 nube
993 2843 1134 2921 fugacem

381 2934 539 2995 Fremineri
551 2944 645 3013 teget,
662 2944 691 2993 et
705 2936 789 2994 vanis
803 2954 872 2993 sese
886 2936 1005 2994 occulst
1018 2936 1139 2995 umbris.

421 3028 462 3085 At
476 3030 592 3107 regine,
609 3028 688 3087 novit
701 3048 808 3107 pugnae
821 3029 985 3087 conterrita
998 3037 1090 3100 sorte,

383 3120 499 3193 Flebat,
516 3130 545 3179 et
560 3121 712 3179 ardentem
726 3140 871 3199 generum
884 3122 1027 3180 moritura
1036 3124 1161 3181 tenebat
1176 3141 1183 3180 τ
1326 3122 1364 3180 ⁶6

382 3215 495 3287 Turne,
512 3234 565 3292 per
579 3215 633 3273 has
648 3234 706 3294 ego
719 3224 748 3273 te
762 3214 923 3291 lacrymas,
940 3217 1033 3292 persi
1052 3216 1119 3293 quis
1132 3215 1253 3276 nnsis

380 3308 493 3387 Tangit
507 3309 601 3367 honos
615 3308 747 3366 animum
762 3308 846 3385 (spes
859 3319 891 3366 to
905 3327 985 3368 nunc
998 3328 1068 3381 una,
1086 3319 1220 3369 senectia

380 3402 429 3461 Tu
444 3401 564 3477 requies
579 3401 705 3473 miserae,
721 3401 816 3459 decus
828 3401 1043 3479 imperiumque
1056 3402 1158 3462 Latini

381 3494 427 3555 Te
442 3515 544 3573 penes,
560 3494 589 3553 in
604 3502 634 3553 te
648 3496 742 3553 omnis
756 3495 861 3554 domus
874 3496 1017 3553 inclinata
1029 3495 1204 3576 recemum)

381 3587 481 3648 Unum
494 3608 567 3659 oro;
591 3588 700 3647 desiste
715 3608 836 3647 manum
848 3589 1032 3647 committere
1046 3587 1184 3650 Teucris.
1328 3586 1368 3648 tu

381 3682 444 3751 Qui
458 3692 487 3741 te
502 3702 628 3761 eumque
644 3692 763 3741 manent
778 3682 835 3740 isto
849 3683 1015 3741 certamine
1028 3702 1130 3755 casus,

381 3776 421 3835 Et
437 3795 494 3848 me,
509 3777 624 3849 Turne,
641 3784 768 3835 manent.
812 3775 907 3835 Simul
921 3777 987 3835 hnc
1001 3776 1098 3834 invisa
1110 3777 1278 3855 relinquam

381 3868 511 3929 Lumina
526 3890 534 3941 ;
558 3890 614 3929 nec
628 3889 773 3949 generum
786 3869 911 3929 AEnean
923 3870 1044 3947 captiva
1056 3870 1172 3931 videbo.

381 3964 509 4043 Accepit
523 3985 627 4025 vocem
640 3965 780 4043 lacrymis
792 3964 923 4023 Lavinia
940 3966 1052 4037 matris,

381 4056 562 4136 Flagreutes
575 4058 697 4137 perlusa
710 4078 807 4137 genas
820 4077 828 4129 ;
852 4059 903 4117 cui
915 4059 1060 4136 plurimus
1072 4058 1174 4137 ignem
1330 4054 1369 4117 td

383 4151 516 4227 Subjecit
529 4154 621 4211 rubor
634 4160 663 4211 et
677 4153 825 4212 calefacta
839 4171 892 4229 per
905 4172 959 4211 ora
972 4152 1114 4213 cucurrit.

383 4246 489 4308 ludum
501 4250 668 4326 sanguineo
681 4248 774 4307 veluti
788 4247 942 4307 violaverit
955 4257 1036 4307 ostro

383 4341 414 4402 Si
429 4340 495 4421 quia
509 4342 584 4401 ebur
599 4362 607 4413 ;
631 4350 682 4401 snt
696 4342 789 4401 mixta
801 4344 910 4401 rubent
924 4342 975 4401 ubi
987 4342 1050 4402 lilia
1063 4340 1159 4404 mod&
1283 4381 1286 4388 «
