3167 5234
527 541 702 591 muernos
720 544 790 592 ara
803 544 868 592 111.
1135 553 1193 610 ,ῃ

207 678 345 758 Eripere,
362 678 532 756 auxilioque
546 680 635 753 viam,
650 699 717 758 quae
731 683 877 759 proxima,
891 684 1009 761 poeait:
1115 733 1127 752 ,

207 773 290 832 Ense
304 781 408 835 secent
421 772 482 831 leto
497 773 614 846 vulnus,
628 774 740 850 telique
754 776 901 836 latebram

208 865 394 932 Reacindant
409 866 537 944 penitus,
553 869 726 945 aeeaquein
740 870 820 932 bella
833 872 994 932 remittant

207 959 338 1036 Jamque
352 959 456 1020 aderat
469 959 585 1020 Phoebo
600 970 667 1020 ante
683 962 757 1024 alios
770 963 898 1024 dilectae
911 964 992 1043 lapis

210 1050 326 1112 Iasiden
340 1073 348 1125 ;
372 1054 436 1112 acri
451 1053 598 1130 quondam
611 1055 660 1114 cui
674 1067 780 1134 captne
793 1043 894 1118 amore

209 1146 278 1224 Ipse
293 1166 366 1206 aune
380 1155 470 1220 artes,
487 1167 542 1210 aua
556 1167 690 1222 munera,
706 1149 793 1210 laetua
805 1151 914 1228 Apollo

208 1239 388 1322 Augurium,
405 1240 609 1318 citharamque
624 1242 725 1314 dabat,
739 1243 916 1322 celeresque
929 1243 1064 1324 sagittae.
1156 1241 1162 1253 '

209 1331 275 1403 Ille,
292 1341 324 1390 ut
339 1333 463 1410 depositi
477 1334 624 1411 proferret
639 1336 700 1396 sata
717 1337 860 1415 parentia,
1137 1339 1198 1400 896

210 1428 295 1486 Scire
311 1435 474 1506 potestatea
487 1429 648 1490 herbarum
662 1449 808 1508 usumque
821 1431 959 1492 medendi

210 1519 329 1592 Maluit,
345 1530 375 1579 et
390 1529 486 1582 mutae
500 1523 616 1600 agitare
631 1523 774 1602 inglorius
788 1534 879 1585 artea.

211 1615 327 1686 Stabat,
343 1616 455 1674 acerba
469 1616 608 1688 fremens,
625 1617 776 1695 ingentem
789 1618 877 1678 niam
890 1619 920 1678 in
933 1618 1061 1692 haatam,

211 1705 338 1779 AEneaa,
353 1727 463 1786 magam
471 1708 615 1784 juvenum
629 1720 658 1769 et
672 1712 827 1770 maerentia
839 1709 899 1772 luti

212 1800 382 1873 Coccum,
398 1801 537 1879 lacrymis
550 1803 715 1864 immobilia.
759 1802 814 1863 llle
827 1812 940 1864 retorto
1136 1805 1198 1864 400

212 1893 366 1953 Paeonium
379 1893 410 1952 in
423 1913 535 1953 morem
549 1896 649 1954 aenior
663 1897 835 1956 succinctua
848 1898 970 1970 amictu,

210 1989 309 2050 Multa
322 2009 412 2050 manu
426 1989 544 2049 medici
557 1991 723 2069 Phoebique
738 1992 907 2070 potentibus
920 1991 1022 2052 berbin

212 2083 423 2162 Nequidquam
436 2083 574 2162 trepidat,
590 2085 791 2161 nequidquam
805 2084 922 2163 apicula
934 2084 1041 2144 dextri

213 2177 368 2249 Sollicitat,
385 2185 565 2255 prensatque
579 2178 679 2238 tenaci
693 2178 807 2255 forcipe
820 2178 941 2238 serrum.

212 2270 304 2331 Nulla
317 2271 395 2330 viam
408 2270 543 2346 Fortuna
556 2271 644 2349 rcgit,
660 2271 732 2330 nihil
746 2279 852 2332 auctor
866 2271 976 2350 Apollo
1139 2271 1200 2330 40⁶

214 2366 356 2425 Subvenit
370 2384 377 2424 z
400 2374 430 2424 et
444 2385 542 2424 eeavua
555 2365 668 2444 campie
682 2365 779 2444 magia
793 2385 831 2426 ac
844 2365 941 2444 magia
954 2366 1059 2426 horror

214 2459 398 2532 Crebreacit,
415 2459 594 2537 propitiaque
608 2459 717 2518 malum
731 2468 788 2518 eat.
829 2460 899 2520 Jam
914 2460 1037 2537 pulvere
1050 2457 1162 2520 caelen

214 2555 300 2612 Stare
314 2553 413 2614 vident
428 2571 436 2624 ;
459 2555 587 2613 subeunt
601 2555 728 2630 aquitae,
743 2562 774 2612 et
787 2548 904 2631 apicula
917 2552 1026 2613 caetria

213 2645 319 2706 Danaa
332 2645 442 2705 cadunt
456 2646 568 2705 mediia.
610 2646 638 2705 It
651 2647 743 2705 tristia
758 2646 796 2706 ad
809 2645 924 2705 ethera
937 2646 1052 2706 clamor

212 2739 382 2800 Bellnntirm
390 2739 544 2815 juvanum,
561 2748 590 2798 et
604 2739 679 2798 duro
693 2741 749 2800 enb
762 2739 860 2798 Marte
873 2736 1042 2799 cadentium.
1140 2739 1201 2798 410

213 2833 276 2894 Hic
291 2834 406 2905 Venna,
423 2833 543 2912 indigno
556 2834 618 2892 nati
631 2853 780 2894 concussa
794 2834 907 2906 dolore,

135 2959 139 2966 ·
212 2926 404 2988 Dictamnum
417 2927 554 3006 genetrix
569 2927 693 2989 Cretaei
706 2929 801 3007 carpit
815 2929 854 2986 ab
870 2926 936 3000 loa,
1010 2992 1014 3001 ,

212 3019 382 3097 Puberibue
396 3020 512 3080 caulem
527 3021 604 3080 ioliia
618 3029 647 3080 et
661 3021 734 3081 flore
748 3028 915 3082 comantem

213 3114 369 3192 Purpureo
385 3133 392 3171 :
414 3133 474 3173 non
487 3114 539 3174 illa
553 3114 624 3174 seris
639 3115 792 3194 incognita
806 3115 905 3192 capris

214 3207 369 3279 Gramina,
387 3227 477 3284 quum
489 3216 577 3286 tergo
592 3209 729 3268 volucres
743 3206 859 3268 haeaire
872 3207 1001 3286 aagittm.
1143 3207 1202 3266 ato

214 3301 285 3361 Hoc
298 3300 415 3373 Venus,
432 3303 559 3360 obecuro
574 3301 682 3360 faciem
697 3303 881 3362 circumdate
894 3300 1007 3372 nimbo,

214 3395 331 3454 Detulit
344 3414 351 3452 :
374 3395 431 3454 hoc
445 3394 543 3454 lurum
555 3395 648 3454 labris
660 3395 885 3473 splendentibua
897 3411 1016 3452 amnem

217 3487 325 3560 lnticit,
341 3487 458 3548 occulte
473 3487 625 3546 medicem
639 3507 647 3558 ;
672 3488 844 3566 spargitque
858 3486 987 3546 salubria

215 3581 383 3640 Ambroaiae
397 3601 516 3654 auccoa,
532 3589 562 3638 et
577 3581 753 3640 odoriferam
767 3598 941 3657 panaceam.

215 3673 303 3734 Fovit
317 3673 356 3733 ed
369 3675 475 3733 vulnus
488 3672 610 3752 lymphai
622 3673 777 3752 longaevae
793 3673 885 3750 Iapia,
1143 3669 1205 3730 42⁰

214 3767 363 3847 lgnorana
377 3787 385 3838 ;
408 3767 567 3844 aubitdque
581 3767 676 3826 omnia
690 3767 726 3826 de
741 3784 868 3844 corpore
882 3762 958 3842 sugit

216 3861 334 3940 Quippe
348 3860 432 3920 dolor
445 3881 454 3931 ;
477 3861 573 3920 omnia
587 3861 667 3918 stetit
682 3859 740 3918 imo
754 3859 878 3917 vulnere
892 3855 1036 3936 sanguia:

214 3954 344 4031 Jamque
358 3963 464 4014 aecuta
478 3972 606 4024 manum,
623 3952 704 4012 nullo
718 3962 858 4030 cogente,
873 3951 984 4028 sagitte

215 4047 346 4120 Excidit,
362 4055 451 4125 atque
466 4065 550 4106 nova
564 4041 680 4106 rediire
694 4045 725 4104 in
740 4044 865 4123 pristina
878 4045 967 4104 virea.

216 4143 310 4203 Arma
322 4140 374 4199 citi
387 4147 544 4218 properate
560 4140 644 4199 viro!
667 4138 737 4215 quid
751 4136 863 4196 atatis?
903 4136 986 4214 lapia
1143 4135 1204 4198 423

217 4232 405 4304 Conclamat,
422 4233 590 4310 primusque
605 4231 718 4292 animoa
733 4229 871 4290 accendit
885 4230 916 4288 ia
928 4230 1052 4292 boetem·

216 4325 245 4386 N
247 4347 285 4386 on
300 4327 365 4385 haec
378 4325 515 4386 hnmania
531 4327 647 4405 opibus,
663 4345 722 4386 non
736 4331 800 4384 arte
813 4321 968 4404 magistri,
