3167 5234
574 557 752 607 AENEIDOS
771 558 842 607 ΗΒ.
855 558 876 607 1.

228 697 345 759 Scindit
358 716 393 756 se
406 697 515 769 nubes,
531 704 562 756 et
575 698 607 757 in
621 699 734 757 urthern
748 708 857 779 purget
872 703 1017 778 apertum.

226 792 353 852 Restitit
368 790 495 863 AEueus,
512 792 657 869 clerique
672 792 702 852 in
722 794 791 852 luce
806 794 932 866 refulsit,

226 888 273 946 Os
286 888 490 964 humerosque
504 886 561 946 deo
575 887 700 946 similis:
722 908 851 966 numque
866 888 932 966 ipsu
945 888 1086 947 decorum

227 982 399 1042 Cesuriem
413 990 484 1039 neto
498 982 646 1059 genetrix,
662 982 823 1059 lumenque
840 982 973 1059 juventur
1166 979 1226 1039 590

225 1076 429 1154 Purpureum,
446 1083 477 1134 et
490 1076 576 1135 loetos
590 1075 687 1135 oculis
702 1075 822 1137 uffldrst
836 1078 973 1135 bonores.

227 1170 331 1239 Qrule
345 1190 453 1228 munus
466 1169 579 1228 uddunt
593 1172 677 1229 ebori
691 1170 785 1230 decus
799 1190 808 1241 ;
831 1180 883 1230 uut
898 1171 949 1229 ubi
962 1170 1042 1231 flavo

227 1265 409 1344 Argentum,
424 1263 573 1324 Pariusve
591 1266 679 1343 lupis,
695 1266 900 1325 circumdetur
913 1285 997 1325 suro.

269 1358 349 1418 Tum
362 1360 408 1417 sic
421 1359 558 1437 reginum
572 1358 744 1437 alloquitur,
760 1360 938 1437 cunctisque
952 1357 1077 1437 repente

226 1452 414 1532 Improvisus
428 1454 492 1512 uit:
518 1452 642 1527 Cordm,
658 1474 749 1531 quem
762 1456 906 1532 queritis,
924 1454 1030 1515 adsum
1168 1453 1227 1512 595

227 1547 343 1607 Troius
356 1548 490 1621 AEneus,
504 1547 630 1624 Libycis
645 1558 766 1626 ereptus
781 1550 819 1607 ub
834 1549 931 1609 undis.

228 1641 259 1701 0
273 1643 338 1701 solu
352 1641 489 1701 infundes
502 1643 604 1720 Trojte
617 1643 761 1701 miserete
774 1643 906 1716 lebores,

229 1736 310 1805 Qum
323 1756 390 1809 nos,
406 1737 550 1813 reliquius
565 1734 718 1808 Densum,
733 1746 895 1815 terreque,
911 1738 1075 1815 murisque,

228 1831 377 1891 Omnibus
390 1831 553 1890 exhaustos
569 1832 633 1909 jum
647 1831 779 1903 casibus,
796 1832 927 1890 omnium
940 1850 1065 1910 egenos,
1166 1858 1170 1867 ·

227 1924 324 1998 Urbe,
341 1926 439 1996 domo,
453 1926 572 1985 socius!
594 1934 698 2005 gretes
716 1928 888 2005 persolvere
903 1926 1011 2005 dignus
1169 1926 1228 1984 600

228 2019 259 2080 N
260 2041 300 2079 on
318 2022 383 2099 opis
397 2034 443 2080 est
457 2030 579 2093 nostre,
594 2021 687 2093 Dido,
703 2040 761 2079 nec
777 2020 921 2098 quidquid
935 2021 1047 2098 ubique
1062 2028 1108 2079 est

228 2115 339 2175 Gentis
351 2115 528 2188 Durdunite,
545 2135 688 2195 magnum
703 2135 770 2193 qum
784 2096 891 2195 sparse
905 2135 960 2193 per
973 2118 1086 2175 orbem.

227 2210 272 2269 Di
285 2210 350 2283 tibi,
366 2211 392 2269 si
407 2230 468 2288 que
482 2211 547 2289 pios
560 2219 733 2289 respectant
747 2211 880 2282 numine,
897 2210 923 2269 si
938 2209 1008 2287 quid

228 2304 367 2383 Usquam
383 2305 500 2382 justitie
516 2314 572 2377 est,
589 2319 619 2364 et
632 2324 718 2363 mens
730 2305 788 2364 sibi
802 2306 925 2363 conscie
937 2304 1024 2377 recti,

229 2398 360 2460 Proemie
372 2401 464 2479 dignu
476 2400 583 2459 ferent.
626 2399 705 2467 Quae
718 2406 749 2457 te
762 2407 825 2457 turn
839 2400 910 2457 loetu
923 2399 1056 2457 tulerunt
1169 2400 1227 2459 605

232 2494 352 2555 Seculu
367 2495 378 2551 ἲ
400 2495 452 2572 qui
465 2494 540 2552 tenti
553 2494 645 2552 telem
658 2490 794 2572 genuere
809 2500 950 2571 parentes
967 2492 978 2549 ?

232 2588 268 2648 In
285 2590 365 2648 fretu
378 2587 449 2647 dum
462 2588 545 2647 fluvii
559 2594 692 2661 current,
709 2586 779 2645 dum
792 2586 1069 2648 montibusumbres

231 2683 418 2743 Lustrubunt
432 2702 577 2755 convexa,
594 2682 679 2759 polus
693 2682 763 2739 dum
776 2681 877 2741 sideru
892 2667 1006 2759 puscet,

233 2782 357 2856 Semper
370 2778 477 2849 bonos,
493 2796 663 2854 nomenque
681 2784 776 2847 tuum,
791 2775 958 2851 laudesque
972 2776 1145 2848 monebunt,

233 2874 311 2942 Quae
326 2892 373 2933 me
388 2890 517 2948 eumque
532 2878 640 2931 vocent
654 2879 753 2929 terre.
797 2871 847 2928 Sic
862 2870 951 2941 fetus,
968 2868 1097 2928 enricum
1169 2870 1228 2927 610

232 2966 348 3025 Ilionea
362 2967 435 3044 petit
448 2962 565 3035 dextri,
582 2962 719 3041 levique
735 2965 888 3023 Serestum
904 2982 911 3032 ;

231 3061 317 3133 Pdst,
332 3061 419 3133 ulios,
434 3060 601 3136 fortemque
615 3058 716 3136 Gyen,
733 3058 900 3135 fortemque
917 3055 1107 3117 Cloanthum.

271 3154 432 3233 Obstupuit
447 3152 541 3232 primd
557 3153 700 3231 edspectu
716 3152 839 3210 Sidonis
852 3150 944 3223 Dido,

232 3250 318 3312 Cusu
332 3248 440 3308 deinde
453 3248 510 3306 viri
527 3256 612 3306 tento
626 3267 634 3317 ;
658 3256 688 3305 et
702 3247 747 3305 sie
761 3266 814 3304 ore
829 3246 930 3304 locutu
944 3253 990 3303 est
1005 3264 1013 3302 r

231 3344 311 3411 Quis
323 3352 365 3415 te,
382 3351 452 3401 nete
466 3340 535 3414 det,
552 3361 606 3421 per
619 3349 703 3400 tuntu
717 3340 853 3418 pericula
868 3358 957 3397 cesus
1169 3337 1227 3395 615

232 3438 407 3514 Insequitur
423 3436 433 3492 ?
455 3456 523 3513 quse
537 3435 583 3493 vis
597 3435 775 3493 immunibus
789 3433 920 3512 applicet
934 3431 1018 3490 oris?

231 3536 322 3620 Tune
340 3536 391 3595 ille
404 3536 535 3606 AEnens,
553 3553 641 3611 quem
655 3533 812 3592 Dardanio
826 3532 969 3591 Anchises

230 3627 324 3689 Alme
336 3630 442 3689 Venus
454 3628 580 3707 Phrygii
597 3628 700 3707 genuit
715 3627 874 3686 Simoentis
889 3626 926 3684 ed
942 3624 1050 3685 undum
1066 3623 1077 3681 l

230 3726 334 3802 Atque
349 3724 488 3801 equidem
501 3724 656 3782 Teucrum
670 3721 790 3781 memini
806 3720 917 3779 Sidone
932 3719 1046 3791 venire,

179 3834 184 3841 ’
229 3819 359 3879 Finibus
373 3819 529 3896 expulsum
543 3818 658 3896 patriis,
674 3835 751 3874 nova
765 3834 862 3892 regne
877 3821 1027 3891 petentem
1169 3813 1228 3870 620

227 3913 352 3974 Auxilio
366 3912 443 3972 Beli.
485 3910 613 3971 Genitor
626 3920 689 3970 tum
702 3910 796 3967 Belus
811 3908 938 3985 opimum

229 4005 381 4065 Vnstubet
396 4006 543 4085 Cyprum,
560 4013 590 4063 et
606 4004 701 4063 victor
715 4002 826 4060 ditione
840 4000 973 4059 tenebat.

229 4100 383 4179 Tempore
399 4100 463 4177 jum
477 4120 515 4158 ex
530 4100 580 4157 illo
594 4118 685 4158 ossus
698 4096 770 4155 milri
783 4094 923 4173 cognitus
936 4094 1020 4152 urbis

228 4194 384 4271 Trojunae,
401 4213 569 4272 nomenque
582 4202 677 4265 tuum,
693 4209 844 4269 regesque
857 4188 991 4267 Pelasgi.

229 4288 300 4367 Ipse
316 4290 409 4348 bostis
423 4289 562 4348 Teucros
576 4287 686 4366 insigni
700 4286 790 4345 leude
804 4286 930 4356 serebat,
969 4328 971 4334 .
1168 4284 1226 4343 605

230 4385 333 4461 Seque
346 4392 444 4443 ortum
458 4382 584 4462 antiqui
596 4384 785 4441 Teucrorum
801 4382 838 4439 eb
853 4382 944 4458 stirpe
959 4380 1089 4441 volebat.

884 4494 906 4535 rt
