3167 5234
350 566 404 623 178
633 556 660 602 Ρ.
677 552 845 601 vmulnn
866 550 1038 599 MAROMS

347 697 508 777 Accipiunt
520 714 530 765 ;
552 694 681 772 patmum
693 692 815 751 Entello
827 700 1006 766 taurumque
1019 688 1200 765 relinquunt.

348 791 413 853 Hic
425 792 530 859 victor,
544 804 693 864 aspersus
705 786 821 857 enimin,
836 794 983 861 teuroque
997 782 1164 860 superbus:

348 885 378 944 N
380 893 429 942 ete
441 881 510 954 deis,
525 898 639 957 vosque
652 880 730 950 hnc,
744 880 851 956 inquit,
868 876 1050 956 cognoscite,
1065 874 1190 945 Teucri,
1335 884 1347 921 t

258 974 263 983 ‘
347 976 554 1052 Etmihiquse
568 973 679 1033 tuerint
693 972 874 1049 juvenaliin
886 988 1012 1047 corpore
1026 968 1117 1039 rues,
1275 968 1333 1027 eto

347 1070 390 1129 Et
404 1068 466 1147 qud
477 1069 605 1127 scamis
617 1075 792 1126 revocatum
804 1085 825 1124 s
837 1072 932 1123 morte
945 1063 1071 1121 Dareta.

348 1163 444 1235 Dixit,
459 1170 490 1221 ct
503 1161 623 1221 sdversi
635 1170 742 1219 contre
754 1159 836 1217 stetit
852 1177 907 1217 ora
922 1156 1055 1232 juvenci,

350 1254 413 1323 Qui
430 1254 540 1313 donum
552 1254 691 1312 ndstnhm
704 1272 812 1332 pugnae
829 1271 838 1321 ;
860 1252 1011 1325 durosque
1024 1247 1148 1307 reducit

348 1348 485 1408 Librarit
498 1346 605 1405 dextris
621 1347 721 1405 media
734 1347 813 1405 inter
825 1362 938 1403 cornus
951 1350 1062 1401 orestus

348 1440 482 1513 Arduus,
497 1439 683 1517 effractoque
696 1439 778 1498 illisit
795 1439 825 1497 in
838 1457 909 1496 essa
923 1436 1058 1495 cerebro.
1276 1434 1333 1493 tho

350 1535 508 1606 Sternitur,
523 1534 729 1609 exanimisque
740 1541 873 1591 tremens
886 1529 1051 1609 procumbit
1064 1527 1146 1587 humi
1159 1528 1224 1587 bos.

303 1679 308 1689 .
349 1628 407 1687 Ille
420 1627 511 1706 super
520 1628 600 1686 tulcs
612 1626 737 1685 effundit
750 1634 872 1702 pectore
885 1628 977 1683 roee's
991 1642 999 1680 ι
1068 1648 1072 1659 ’

101 1742 108 1753 ·
229 1787 234 1804 ,
349 1720 443 1781 Hunc
454 1721 519 1792 tihi,
534 1720 631 1797 Eryx,
646 1719 800 1777 meliorem
817 1717 946 1777 animem
959 1736 1013 1794 pro
1026 1722 1120 1775 morte
1133 1712 1257 1775 Dorus

349 1814 494 1874 Persolvo
508 1834 515 1871 ε
537 1813 587 1875 hic
600 1814 697 1872 victor
709 1820 821 1871 conns
834 1820 989 1886 artemque
1002 1826 1123 1887 repone.

186 1894 190 1903 ⁸
273 1902 280 1918 ’
303 1902 326 1915 “
388 1907 543 1967 Protenus
550 1907 671 1965 AEuens
683 1906 777 1965 celeri
790 1912 909 1965 certare
923 1902 1036 1982 sngittfi
1276 1899 1335 1959 tae

255 1995 259 2001 ¹
350 2000 461 2060 Invitat
475 2000 526 2077 qui
543 1999 619 2059 forte
633 1999 735 2069 veiint,
751 2008 781 2057 et
800 1998 920 2075 praemia
941 1996 1041 2074 ponit:

350 2093 529 2172 Ingentique
542 2112 633 2151 manu
651 2093 763 2151 melum
775 2091 813 2149 de
827 2110 904 2150 neve
919 2090 1031 2149 Seresti

349 2186 450 2265 Erigit
462 2204 472 2255 3
494 2194 525 2243 et
537 2185 691 2244 volucrem
703 2185 830 2260 trejecto
844 2185 874 2243 iu
887 2184 957 2243 fune
972 2183 1149 2250 columbum,

351 2280 422 2347 Qud
435 2278 558 2337 tendant
571 2279 694 2349 ferrum,
709 2279 788 2338 muto
801 2277 954 2355 suspendit
967 2279 1006 2335 ab
1020 2276 1090 2335 sito.

351 2369 531 2433 Conuenite
546 2372 611 2443 riri,
627 2372 834 2448 dejectamque
850 2390 930 2430 arca
943 2376 1054 2429 sortem

350 2466 477 2544 Accepit
493 2464 601 2544 gatee;
625 2472 655 2524 et
668 2464 781 2543 primun
793 2466 925 2523 elamore
939 2462 1071 2523 secundo

350 2561 528 2639 Hyrtacidae
542 2570 612 2620 ente
625 2579 729 2619 omncs
742 2560 803 2619 exit
816 2561 901 2619 locus
915 2557 1133 2637 Hippocoontis
1146 2574 1155 2626 3

352 2652 451 2721 Quem
463 2654 550 2712 modd
564 2655 664 2713 navali
681 2654 859 2713 Mnestheus
873 2654 1036 2711 certamine
1050 2652 1146 2711 victor

352 2746 564 2823 Consequitur,
582 2747 668 2807 viridi
681 2746 859 2805 Mnestheus
872 2747 1007 2805 evinctus
1020 2742 1110 2805 clivi.

350 2838 474 2899 Tertius
488 2840 646 2917 Eurytion,
665 2848 746 2910 tuus,
762 2860 781 2898 o
796 2840 971 2911 clarissime,
987 2840 1090 2910 freter,

351 2931 501 3004 Pandere,
517 2933 569 3010 qui
582 2932 741 3009 quondam,
759 2935 862 3009 jussus
876 2932 1059 2992 confundere
1072 2931 1180 3003 foedus,

352 3024 389 3083 In
402 3024 515 3084 medies
528 3025 620 3083 tetum
633 3026 746 3084 torsisti
760 3028 871 3103 primus
885 3027 1025 3085 Achivos.

351 3117 513 3177 Extremus
525 3116 675 3195 quietique
689 3117 886 3177 merueritis
899 3115 1028 3178 Acestes
1043 3138 1051 3189 ;

352 3211 453 3270 Ausus
467 3220 497 3267 et
511 3210 574 3287 ipse
587 3227 676 3268 manu
694 3208 838 3287 juvenum
851 3220 967 3271 tentare
981 3212 1122 3271 laborem.

351 3301 430 3361 Tum
443 3303 549 3362 validis
562 3303 656 3363 flexos
669 3304 826 3363 incurvent
840 3306 952 3363 viribus
966 3324 1056 3363 arcus

351 3394 458 3455 Prone
473 3396 600 3473 quisque
614 3396 679 3469 viri,
696 3406 726 3455 et
740 3397 915 3475 depromunt
928 3398 990 3455 tela
1003 3396 1158 3476 pharetris.
1219 3450 1223 3457 .

351 3488 511 3567 Primaque
525 3510 580 3567 per
592 3492 703 3549 coelum
716 3510 808 3549 nervo
822 3490 964 3549 stridente
978 3490 1088 3568 sagitta

352 3581 529 3659 Hyrtacidae
545 3582 665 3659 juvenis
678 3583 817 3642 volucres
830 3582 1000 3643 diverberat
1015 3601 1115 3657 auras,

351 3674 393 3736 Et
407 3676 497 3749 venit,
514 3676 692 3753 adversique
706 3678 839 3755 infigitur
852 3678 958 3735 arbore
972 3677 1051 3735 muli.

352 3766 508 3828 Intremuit
526 3770 633 3842 malus,
648 3771 805 3846 timuitque
820 3772 962 3829 exterrita
976 3770 1080 3848 pennis

352 3863 436 3934 Ales,
451 3871 482 3921 et
495 3863 608 3941 ingenti
621 3872 784 3923 sonuerunt
798 3865 897 3923 omnis
910 3864 1026 3941 plausu.

352 3954 425 4013 Pdst
439 3974 511 4013 acer
523 3956 701 4017 Mnestheus
715 3957 843 4018 adducto
858 3958 989 4017 constitit
1003 3974 1087 4027 ercu,

352 4047 424 4106 Alta
437 4062 540 4125 petens
553 4069 562 4118 ς
585 4051 755 4128 pariterque
769 4053 873 4111 oculos
886 4052 1037 4127 telumque
1050 4048 1173 4109 tetendit
1188 4067 1197 4108 ι

351 4141 409 4198 Ast
428 4140 521 4217 ipsam
534 4142 720 4205 miserendus
733 4164 818 4204 erem
833 4144 1006 4222 contingere
1020 4143 1100 4201 semo

351 4231 422 4292 Non
435 4233 527 4292 veluit
543 4254 551 4303 ;
575 4237 669 4294 nodos
681 4246 712 4295 et
725 4237 846 4297 vinculu
863 4238 942 4296 linea
962 4238 1050 4314 rupit,

353 4323 449 4393 Queis
462 4326 570 4385 innexu
583 4328 689 4405 pedem
701 4331 779 4389 meio
792 4331 940 4408 pendebat
955 4333 993 4389 eh
1008 4331 1077 4390 ulto.
