3167 5234
348 567 390 626 50
634 560 660 608 P.
682 557 849 630 vluntntt
872 557 1045 608 uaaomts

349 699 478 760 Discere
493 700 583 777 quim
595 699 695 758 multe
710 699 851 777 Zephyro
863 700 1021 759 turbentur
1033 715 1133 758 arena
1146 717 1154 769 ς

350 795 423 866 Aut,
439 795 490 853 ubi
503 794 630 872 navigiis
644 793 803 853 violentior
815 793 917 852 incidit
931 793 1045 864 Eurus,
1146 827 1152 832 -

349 887 380 947 N
382 887 451 946 dese
465 897 536 964 quot
550 887 627 947 Ionii
640 887 761 946 veniant
775 886 814 944 ad
827 887 927 945 littora
939 885 1057 944 doctus.

389 982 417 1040 N
421 1001 457 1040 eo
471 981 542 1041 verb
557 990 645 1040 terrae
659 981 738 1039 serre
752 999 856 1038 omnes
868 981 969 1038 omnia
981 987 1124 1056 possunt:

348 1073 537 1134 Fluminibus
551 1075 670 1145 salices,
686 1074 859 1150 crassisque
874 1073 1030 1151 paludibus
1044 1071 1106 1130 alui

348 1167 534 1239 Nascuntur,
549 1167 668 1226 steriles
680 1167 797 1226 saxosis
809 1167 958 1227 montibus
971 1167 1038 1224 orni
1050 1185 1059 1235 ;

349 1258 467 1320 Littora
480 1261 614 1338 myrtetis
628 1261 779 1319 laetissima
793 1279 801 1328 ;
825 1259 953 1335 denique
967 1268 1086 1336 apertos

349 1355 491 1416 Bacchus
505 1366 585 1415 amat
603 1357 706 1427 colles,
724 1356 892 1432 aquilonem
907 1363 937 1412 et
951 1354 1065 1431 frigora
1077 1353 1148 1413 taxi.

348 1450 480 1527 Adspice
495 1457 524 1508 et
539 1451 679 1508 extremis
693 1450 835 1508 domitum
848 1449 1012 1506 cultoribus
1025 1448 1138 1519 orbam,

347 1543 492 1620 ansque
507 1543 610 1601 domos
623 1544 769 1614 Arabum,
785 1543 940 1619 pictosque
954 1540 1099 1599 Gelonos.

348 1637 464 1696 Divisa
479 1637 636 1694 arboribus
650 1635 752 1713 patria
767 1655 774 1692 ι
796 1635 862 1693 sola
875 1633 962 1692 India
975 1633 1093 1711 nigrum

348 1729 423 1789 Fert
437 1731 564 1789 ebenum
579 1749 586 1799 ;
610 1730 681 1788 solis
695 1738 742 1788 est
754 1729 862 1787 thurea
875 1729 960 1806 virga
974 1729 1098 1786 Ssbaeis.

350 1823 432 1891 Quid
446 1824 499 1882 tibi
513 1824 635 1883 odorato
649 1824 777 1882 reseram
790 1823 928 1881 sudantia
940 1823 1022 1900 ligno

348 1916 561 1994 Balsamaquo,
578 1925 607 1975 et
622 1920 732 1976 baccas
746 1935 866 1994 semper
877 1917 1040 1976 frondentis
1054 1916 1175 1975 acanthi
1188 1916 1200 1973 i

349 2009 432 2078 Quid
446 2029 569 2070 nemora
581 2011 760 2087 AEthiopum
773 2011 853 2068 molli
867 2010 1007 2068 canentia
1024 2008 1120 2068 laudi

349 2103 533 2182 Velleraque
548 2111 579 2162 ut
594 2104 670 2164 soliis
685 2103 844 2180 depectant
857 2104 960 2162 tenuia
973 2103 1088 2162 Seras?

349 2198 412 2256 Aut
427 2217 502 2274 quos
516 2217 631 2256 oceano
645 2197 764 2274 propior
777 2197 855 2274 gerit
872 2196 958 2254 ludia
971 2197 1066 2268 lucos,

348 2289 485 2349 Extremi
499 2291 582 2350 sinus
596 2291 678 2349 orbis
691 2309 699 2359 ;
724 2291 773 2348 ubi
788 2293 863 2348 abra
876 2290 998 2348 vincere
1011 2309 1159 2350 summum

348 2384 476 2444 Arboris
490 2384 570 2443 haud
584 2385 652 2442 ullae
669 2385 753 2460 jactu
768 2383 892 2462 potuine
906 2384 1024 2462 sagittae
1040 2383 1051 2440 ?

348 2477 389 2538 Et
403 2497 478 2555 gens
491 2478 543 2536 illa
555 2478 674 2554 quidem
689 2478 814 2554 sumptio
828 2495 887 2535 nou
899 2475 987 2534 tarda
1000 2477 1156 2553 pharetris.

348 2570 452 2630 Madia
465 2572 520 2628 fert
534 2572 635 2629 tristes
649 2591 756 2630 suooos
770 2571 949 2646 tardumque
962 2590 1102 2650 saporem

348 2663 461 2722 Felicis
475 2664 556 2734 mali,
573 2684 631 2740 quo
645 2683 704 2722 nou
718 2665 895 2741 praesentius
909 2664 1012 2737 ullum,

349 2755 465 2816 Pocula
477 2756 503 2814 si
517 2756 635 2833 quando
648 2776 736 2814 sacrm
750 2756 884 2816 infecere
897 2777 1046 2829 novercae,

352 2847 613 2927 [Miscueruutque
627 2849 737 2907 herbas
751 2857 780 2908 et
794 2870 853 2908 non
866 2851 987 2910 innoxia
1000 2851 1118 2930 verba]

349 2945 501 3004 Auxilium
515 2946 606 3016 venit,
623 2965 660 3003 ao
674 2946 815 3004 membris
828 2948 890 3024 agit
904 2955 970 3005 atra
982 2965 1107 3007 venena.

350 3036 422 3115 Ipsa
436 3038 541 3116 iugens
556 3040 654 3108 arbos,
671 3038 839 3117 faciemque
853 3040 1002 3098 simillima
1014 3041 1100 3100 lauro
1114 3061 1123 3112 ς

349 3129 401 3201 Et,
418 3131 444 3188 si
462 3150 521 3190 nou
535 3132 625 3190 alium
639 3133 698 3190 lata
715 3132 845 3208 jactaret
859 3134 990 3206 odoram,

349 3222 470 3282 Laurus
483 3233 548 3282 erat
563 3244 570 3282 z
592 3225 662 3284 solia
676 3225 755 3284 haud
770 3227 837 3284 ullis
850 3226 983 3286 labentia
995 3228 1091 3287 ventis
1107 3247 1116 3298 ;

349 3315 422 3376 Flos
437 3316 474 3376 ad
489 3319 583 3391 prima
596 3329 686 3377 tenax
701 3339 708 3376 x
732 3320 845 3378 animae
858 3330 888 3379 et
902 3322 1013 3380 olentia
1026 3319 1114 3380 Medi

350 3409 414 3470 Ora
428 3411 527 3470 fovent
541 3412 601 3484 illo,
617 3422 647 3472 et
661 3413 783 3472 senibus
797 3414 983 3473 medicantur
996 3415 1120 3475 anhelis.

391 3503 450 3561 Sed
464 3523 562 3580 neque
576 3505 743 3578 Medorum,
759 3505 843 3564 silvae
857 3506 1011 3580 ditissima,
1026 3517 1117 3581 terra,

350 3597 380 3656 N
382 3617 417 3656 ec
432 3598 556 3675 pulcher
569 3598 704 3676 Ganges,
722 3608 811 3676 atque
827 3600 899 3658 auro
912 3601 1048 3660 turbidus
1061 3602 1206 3676 Hermus,

350 3689 506 3757 Laudibus
519 3691 616 3750 ltalia
630 3701 743 3751 certant
761 3711 769 3762 ;
792 3712 852 3752 nou
864 3694 987 3766 Bactra,
1002 3714 1102 3773 noque
1115 3695 1191 3769 Indi,

349 3784 489 3862 Totaque
503 3785 654 3844 thuriferis
667 3786 824 3845 Panchaia
837 3787 956 3866 pinguis
968 3790 1077 3851 arania.

349 3877 430 3936 Hace
444 3879 512 3936 loon
524 3898 583 3938 uon
596 3881 675 3938 tauri
689 3880 837 3958 spirantes
850 3882 972 3942 naribus
986 3883 1087 3962 ignom

351 3969 517 4044 Invertdre,
534 3973 605 4030 sutis
619 3974 754 4032 immunis
768 3974 906 4033 dentibus
919 3976 1006 4053 hydri
1022 3997 1030 4049 3

351 4064 381 4123 N
383 4083 419 4122 eo
433 4065 528 4142 galeis
542 4064 701 4142 densisque
716 4065 813 4127 virium
833 4087 922 4147 ceges
935 4070 1049 4129 horruit
1063 4069 1178 4130 hastis:

351 4157 412 4216 Sed
426 4157 557 4236 gravidae
572 4158 674 4236 fruges
688 4169 718 4218 et
731 4161 847 4221 Bacchi
859 4160 1011 4223 Massicus
1024 4162 1132 4224 humor

351 4248 518 4328 implevdra
535 4271 543 4321 ;
566 4259 668 4311 teuent
682 4252 767 4326 oleae,
783 4265 978 4335 armentaque
991 4258 1070 4317 lats.

351 4343 435 4406 Hinc
449 4347 576 4406 bellator
588 4365 683 4425 equus
697 4367 884 4428 camponoso
898 4352 1009 4413 arduus
1022 4352 1111 4414 inim-t
1126 4372 1136 4426 ς
