3167 5234
354 565 409 622 loe
636 561 663 607 r.
686 558 853 607 rraeinn
880 556 1051 607 annonis

682 944 1014 1021 AENEIDOS

741 1170 896 1231 LIBER
907 1168 946 1229 V.

392 1529 532 1589 lurcare
547 1530 675 1590 medium
688 1530 809 1591 AEueas
824 1530 889 1607 jam
901 1530 999 1589 classe
1012 1531 1134 1588 tenebat

354 1623 466 1684 Certus
479 1625 546 1696 iter,
562 1624 729 1701 fluctusque
745 1633 826 1682 atros
840 1624 990 1700 Aquilone
1004 1625 1136 1695 secebat,

351 1716 467 1776 Moenia
480 1718 655 1795 respiciens,
671 1736 739 1794 qum
755 1717 818 1794 jam
833 1716 959 1775 infelicis
972 1716 1081 1775 Elissa

353 1808 514 1869 Collucent
527 1810 663 1869 flammis.
707 1809 784 1878 Quae
798 1818 912 1869 tantum
927 1810 1097 1869 accenderit
1111 1808 1211 1887 ignem

353 1902 459 1962 Causa
473 1903 545 1961 latet
559 1923 566 1973 ;
590 1903 778 1982 durimaguo
792 1903 845 1961 sed
860 1922 960 1962 amore
974 1903 1092 1961 dolores
1314 1902 1335 1961 5

352 1995 481 2068 Polluto,
498 2004 658 2073 notumque
673 1998 775 2056 furens
790 1996 860 2074 quid
874 1997 995 2056 immine
1009 1997 1110 2074 possit,

352 2089 453 2149 Triste
468 2110 521 2168 per
533 2092 692 2169 augurium
705 2092 893 2151 Teucrorum
907 2104 1026 2168 pectora
1040 2091 1161 2150 ducunt.

392 2182 433 2243 Ut
447 2184 572 2263 pelagus
585 2182 709 2245 tenudre
722 2193 814 2257 rates,
827 2204 884 2243 nec
900 2185 961 2261 jem
976 2184 1101 2262 amplius
1116 2184 1176 2243 ulla

352 2274 493 2335 Occurrit
505 2277 604 2349 tellus,
620 2278 715 2338 maria
729 2278 859 2356 undique
874 2286 903 2336 et
918 2278 1047 2355 undique
1062 2277 1193 2348 coelum3

352 2368 413 2428 Olli
427 2370 576 2429 caeruleus
590 2390 682 2448 supra
695 2380 786 2449 caput
800 2372 912 2431 adstitit
925 2372 1029 2441 imber,
1299 2372 1335 2429 10

353 2463 481 2522 Noctem
495 2464 682 2542 hiememque
695 2465 797 2523 serens
810 2484 818 2535 ;
842 2474 871 2523 et
886 2464 1031 2523 inhorruit
1046 2464 1125 2523 unda
1138 2462 1280 2523 tenebris.

354 2556 423 2635 Ipse
437 2560 620 2636 gubernator
634 2560 723 2637 puppi
735 2560 895 2619 Palinurus
908 2561 946 2618 ab
961 2558 1041 2619 altdz

353 2649 425 2709 Heu
439 2654 446 2709 l
470 2650 609 2728 quianam
622 2653 697 2711 tanti
710 2654 867 2711 cinxerunt
881 2652 994 2711 {ethera
1007 2650 1121 2710 nimbi?

354 2744 484 2817 Quidve,
500 2755 586 2824 pater
598 2746 750 2824 Neptune,
767 2766 856 2824 paras
872 2747 883 2803 ἓ
925 2747 975 2805 Sic
988 2744 1094 2804 deinde
1109 2745 1236 2817 locutus,

354 2838 508 2917 Colligere
523 2858 607 2897 erma
623 2839 720 2916 jubet,
736 2840 901 2917 validisque
920 2840 1092 2898 incumbere
1105 2839 1216 2908 remis3
1300 2838 1337 2897 to

354 2931 555 3009 Obliquatque
570 2933 653 2991 sinus
666 2933 696 2991 in
710 2942 841 3005 ventum,
857 2952 894 2991 ec
908 2932 980 2991 talia
993 2933 1093 2991 satur:

353 3024 545 3104 Magnanime
561 3024 671 3098 AEnea,
687 3045 757 3097 nou,
773 3027 799 3084 si
813 3026 883 3084 mibi
896 3026 1015 3104 Jupiter
1027 3034 1133 3084 auctor

354 3119 515 3196 spondeat,
531 3120 589 3178 boc
602 3139 720 3197 sperem
735 3120 853 3179 Italiam
865 3123 1039 3199 contingere
1054 3120 1142 3180 coelo.

352 3210 462 3271 Mutati
477 3220 647 3271 transversa
662 3214 800 3286 fremunt,
817 3223 846 3272 et
861 3234 986 3291 vespere
1001 3216 1038 3272 eb
1053 3226 1118 3273 atro

354 3304 550 3384 Consurgunt
564 3306 654 3378 venti,
671 3314 760 3383 atque
774 3308 805 3365 in
818 3308 927 3366 nubem
941 3307 1057 3385 cogitur
1071 3310 1133 3367 adr.
1295 3306 1337 3364 20

354 3398 421 3457 Nec
434 3418 490 3457 uos
503 3400 597 3457 obniti
610 3399 723 3472 contrd,
739 3420 796 3458 nec
810 3401 932 3459 tendere
946 3402 1071 3472 tantum,

355 3490 536 3551 Sufficimus.
578 3495 706 3570 Superat
721 3495 860 3570 quoniam
873 3494 1017 3565 Fortuna,
1034 3512 1205 3571 sequamur,

354 3583 486 3662 Quoque
501 3593 598 3657 vocat,
614 3594 765 3645 vertamus
778 3587 844 3645 iter.
887 3586 953 3645 Nec
967 3586 1067 3645 littore
1080 3586 1168 3665 longe
1281 3658 1286 3666 ,

353 3677 431 3737 Fida
444 3698 513 3737 reor
526 3679 659 3737 sraterua
673 3678 793 3756 Erycis,
810 3688 970 3758 portusque
985 3681 1120 3752 Sicanos,

354 3775 386 3833 Si
401 3774 487 3834 modo
501 3774 557 3834 rite
572 3794 684 3833 memor
696 3783 818 3833 servata
831 3776 971 3834 remetior
985 3784 1074 3835 astra.
1297 3774 1338 3834 25

354 3866 432 3925 Tum
446 3868 513 3946 pius
527 3869 647 3929 AEueas
661 3888 668 3926 :
690 3869 838 3945 Equidem
852 3870 896 3927 sic
910 3888 1034 3945 poscere
1049 3876 1153 3928 ventos

353 3960 544 4033 Jamdudnm,
562 3970 592 4019 et
606 3963 716 4021 frustra
730 3981 822 4021 cerno
835 3971 866 4019 te
879 3961 1001 4020 tendere
1016 3962 1131 4021 contria.

354 4052 460 4111 Flecte
473 4054 551 4112 viam
566 4056 649 4114 velis.
691 4055 740 4114 An
754 4056 791 4114 sit
806 4056 876 4113 mihi
890 4056 1002 4134 gratior
1017 4054 1087 4127 ulla,

355 4144 463 4212 Quove
477 4146 574 4225 magis
589 4148 685 4207 fessas
698 4156 797 4226 optem
810 4148 964 4207 demittere
977 4168 1082 4219 naves,

356 4237 456 4305 Quam
471 4259 537 4315 quoe
551 4239 738 4299 Dardanium
751 4242 840 4299 tellus
854 4243 923 4300 mibi
938 4250 1037 4300 servat
1051 4242 1194 4313 Acesten,
1299 4242 1340 4299 ³0

354 4330 396 4391 Et
410 4331 503 4409 patris
515 4331 657 4390 Anchisae
671 4334 784 4410 gremio
801 4335 1008 4412 complectitur
1023 4334 1116 4393 ossa?
