3167 5234
574 553 749 610 AENEIDOS
768 559 838 609 ule.
853 561 899 609 tv.

209 657 356 766 ἡ’χεοΙιιιιι
370 697 516 783 perpetui
528 709 661 761 moerens
675 698 801 785 carpine
818 698 945 777 juventa
960 700 971 757 ?

247 800 314 860 Nec
327 798 432 857 dulces
445 806 542 869 natos,
558 794 689 853 Veneris
702 814 759 853 nec
773 794 896 873 praeuiia
909 793 991 855 ndi-is
1005 794 1016 852 i

211 881 214 890 ’
247 894 283 953 Id
295 893 428 951 cinerem
441 899 493 949 aut
507 888 616 948 Manes
629 882 727 948 credis
741 908 850 948 curare
865 888 997 967 sepultos
1013 888 1024 946 l

246 986 322 1048 Esto
336 1006 344 1044 ι
368 1004 479 1064 aegram
493 983 568 1043 nulli
582 984 730 1061 quondam
744 984 856 1043 flexere
870 984 969 1043 mariti
985 1004 992 1055 ;
1192 984 1231 1043 35

246 1082 315 1141 Νοιι
332 1080 450 1157 Libyae,
465 1099 525 1137 non
540 1079 609 1136 ante
622 1078 707 1156 Tyro
722 1098 730 1148 ;
754 1078 913 1156 despectus
928 1078 1044 1150 Iarbas,

158 1247 163 1254 .
246 1174 459 1249 Ductoresque
473 1173 535 1243 alii,
552 1192 627 1249 qnos
641 1171 748 1230 Africa
764 1180 848 1230 terra
860 1172 1016 1250 triumphis

247 1268 343 1327 Dives
357 1268 409 1326 alit
424 1286 432 1324 ι
455 1267 602 1344 placitone
617 1266 706 1325 etiam
721 1267 868 1345 pugnabis
884 1267 979 1325 amori
994 1266 1005 1322 l

247 1362 316 1421 Nec
329 1362 409 1419 venit
423 1362 453 1419 in
467 1369 605 1431 mentem,
623 1379 748 1437 quorum
762 1360 934 1418 consederis
953 1360 1032 1419 arvis
1049 1358 1060 1417 ?

247 1454 331 1514 Hine
344 1455 472 1515 Gaetulae
487 1456 587 1525 urbes,
603 1472 699 1531 genus
714 1454 913 1531 insuperabile
928 1454 1016 1526 bello,
1193 1453 1233 1512 40

248 1549 290 1609 Et
303 1548 439 1608 Numidae
454 1548 570 1606 instani
583 1546 717 1626 cingunt,
733 1555 763 1604 et
777 1547 925 1625 inhospita
939 1548 1055 1625 Syrtis:

248 1642 332 1701 Hinc
345 1642 464 1700 deserta
478 1641 527 1699 siti
540 1640 634 1719 regio,
650 1640 771 1717 lateque
786 1637 917 1699 furentes

250 1732 378 1795 Barcoei.
422 1732 503 1801 Quid
516 1734 596 1792 bella
608 1733 692 1811 Tyro
705 1733 860 1813 surgentia
873 1734 981 1807 dicam,

249 1828 452 1905 Germanique
466 1826 589 1886 minas?

248 1918 305 1979 Dis
319 1921 457 1998 equidem
471 1921 642 1998 auspicibus
655 1938 735 1992 reor,
751 1928 781 1979 et
794 1920 913 1981 Junone
928 1918 1072 1995 secunda,
1193 1922 1232 1979 45

248 2012 321 2074 Huc
335 2033 455 2073 cursum
471 2012 580 2073 Iliacas
593 2022 682 2072 rento
695 2015 828 2073 tenuisse
843 2015 972 2075 carinas.

250 2108 349 2176 Quam
362 2118 395 2167 tu
409 2110 522 2179 urbem,
539 2126 633 2180 soror,
650 2107 728 2166 hanc
742 2126 859 2180 cernes,
877 2128 942 2186 quae
957 2126 1083 2187 surgere
1097 2124 1192 2189 regna

219 2246 223 2257 ,
250 2200 400 2281 Conjugio
412 2202 486 2261 tali!
527 2198 679 2259 Teucnim
693 2202 901 2261 comitantibus
916 2203 1016 2274 armis,

249 2294 363 2355 Punica
377 2315 410 2353 se
425 2294 543 2371 quantis
557 2295 672 2353 attollet
685 2296 782 2373 gloria
795 2297 905 2354 rebus!

249 2386 296 2449 'l'u
312 2388 398 2448 modd
413 2408 502 2467 posce
516 2388 588 2447 deos
602 2389 740 2458 veniam3
763 2390 918 2466 sacrisque
931 2390 1033 2462 litatis,
1192 2390 1233 2447 50

250 2480 376 2561 indulge
390 2481 526 2560 hospitio,
543 2500 712 2558 causasque
727 2481 846 2540 innecte
862 2480 1017 2553 morandi·

249 2574 330 2634 Dum
348 2577 456 2653 pelago
470 2574 592 2633 desaevit
606 2574 712 2646 hiems,
726 2583 756 2632 et
770 2592 902 2652 aquosus
915 2574 1020 2647 Orion,

191 2668 469 2768 Qnmmtaque
482 2676 574 2741 rates,
590 2668 661 2726 dum
674 2686 732 2726 non
745 2668 903 2726 tractabile
918 2668 1036 2727 coelum.

191 2722 309 2821 His
322 2762 431 2821 dictis'
423 2780 577 2820 incensum
592 2760 721 2819 animum
735 2760 926 2819 inflammavit
941 2778 1052 2833 amore,

188 2797 233 2882 L
251 2856 398 2935 Spemque
411 2855 491 2913 dedit
505 2854 603 2913 dubioe
617 2856 718 2926 menti,
734 2855 880 2931 solvitque
896 2854 1046 2933 pudorem.

287 2949 438 3027 Principio
450 2948 576 3007 delubra
590 2947 710 3020 adeunt,
727 2966 890 3026 pacemque
911 2968 965 3027 per
979 2966 1047 3007 aras

249 3042 418 3120 Exquirunt
434 3062 441 3099 τ
464 3050 595 3100 mactant
608 3042 704 3100 lectas
717 3041 754 3099 de
767 3060 850 3100 more
864 3041 1001 3100 bidentes

250 3136 400 3215 legiferae
414 3134 534 3206 Cereri,
548 3134 735 3212 Pboeboque,
751 3134 887 3213 patrique
902 3134 995 3213 Lyaeo
1011 3152 1019 3207 3

250 3229 361 3289 Junoni
375 3236 443 3287 ante
457 3248 571 3300 omnes,
587 3229 637 3286 cui
649 3228 749 3287 vincla
766 3229 882 3307 jugalia
896 3248 987 3288 curae.

250 3322 330 3402 Ipsa,
345 3332 452 3383 tenens
464 3322 570 3382 dextra
584 3331 728 3401 pateram,
744 3324 943 3402 pulcherrima
956 3324 1036 3383 Dido

251 3417 416 3477 candentis
429 3436 532 3477 vaccae
546 3416 643 3476 media
661 3417 739 3476 iuter
751 3436 866 3476 cornua
878 3416 972 3476 fundit
988 3436 995 3475 ι

198 3556 203 3566 ,
249 3513 311 3570 Aut
326 3519 394 3569 ante
408 3531 461 3570 ora
475 3508 562 3569 decim
577 3512 703 3590 pingues
716 3512 861 3589 spatiatur
876 3512 912 3569 ad
927 3530 1007 3585 aras,

250 3602 461 3681 instauratque
475 3605 553 3663 diem
567 3603 661 3677 donis,
679 3606 883 3683 pecudumque
898 3606 1024 3664 reclusis

250 3696 428 3757 Pectoribus
441 3700 567 3771 inhians,
583 3700 727 3777 spirantia
741 3701 868 3759 consulit
882 3710 960 3759 exta

249 3788 344 3850 Heu!
366 3794 486 3851 vatum'
479 3812 593 3871 rgnarae
607 3796 743 3852 mentes!
765 3793 835 3870 quid
850 3800 919 3852 vota
933 3794 1090 3868 furentem,
1194 3798 1233 3853 65

250 3882 331 3953 Quid
345 3884 470 3943 delubra
486 3886 614 3962 juvant
608 3888 619 3931 >
640 3895 686 3945 est
699 3888 796 3945 mollis
811 3886 928 3945 flamma
940 3886 1088 3983 medullas

250 3976 380 4050 interea,
396 3986 426 4037 et
437 3980 561 4039 tacitum
575 3982 645 4039 vivit
659 3982 714 4039 sub
729 3989 851 4058 pectore
864 3980 980 4041 vulnus.

247 4162 331 4223 Urbe
345 4164 472 4224 tirrens.
495 4120 592 4243 qualis
606 4164 744 4243 conjecta
757 4184 849 4225 cerva
863 4166 982 4246 sagitta,

249 4245 350 4325 Quam
364 4259 490 4335 procul
481 4269 632 4319 incautam
646 4279 769 4318 nemora
782 4260 858 4319 inter
873 4260 982 4321 Cresia
995 4262 1057 4323 fixit

248 4350 356 4411 Pastor
370 4371 465 4431 agens
477 4353 557 4425 telis,
571 4354 717 4431 liquitque
732 4354 850 4414 volatile
865 4355 975 4416 ferrum

530 4450 588 4505 1³⁸
