3167 5234
570 544 745 617 nuirnos
763 568 834 617 aru
849 568 902 615 ιιι.

240 710 383 770 Telorum
396 726 496 787 seges,
512 715 543 767 et
557 708 669 784 jaculis
682 708 807 767 increvit
821 707 926 767 acutis.

241 804 319 863 'l'um
331 800 404 861 verb
419 802 541 881 ancipiti
553 810 682 861 mentem
694 802 848 884 tormidine
863 820 984 879 pressus

242 896 399 975 Obstupui,
415 904 621 972 steteruntque
634 914 738 969 mmm,
754 904 857 955 atrox
886 894 1025 955 saucibus
1037 892 1131 953 haesit.

279 990 374 1049 Hunc
386 990 568 1067 Polydorum
580 991 647 1049 auri
661 991 810 1067 quondam
823 1010 891 1049 cum
906 989 1036 1068 pondere
1049 1004 1158 1067 magno

242 1082 349 1143 Infelix
362 1084 500 1143 Priamus
514 1084 613 1143 furtim
625 1084 782 1143 manddrst
795 1084 934 1144 alendum
1187 1080 1227 1139 50

242 1178 386 1239 'l'nreicio
400 1180 474 1258 regi,
492 1198 583 1256 quum
597 1181 662 1256 jam
675 1180 822 1239 diffideret
836 1180 926 1239 armis

242 1272 417 1345 Dardaniae,
433 1274 574 1352 cingique
588 1277 692 1334 urbem
705 1275 858 1333 obsidione
871 1272 995 1331 videret.

244 1364 311 1438 llls,
326 1374 360 1425 ut
373 1386 446 1445 opes
459 1366 563 1427 fractae
577 1365 740 1439 Teucrum,
756 1376 786 1427 et
800 1368 935 1426 Fortuna
947 1365 1084 1437 recessit,

243 1458 308 1518 Rea
320 1461 574 1537 Agamemnonias
586 1461 781 1537 victriciaque
796 1478 879 1519 arma
895 1468 1027 1530 secutus,

244 1552 308 1611 Fas
319 1572 406 1611 omne
421 1554 578 1632 abrumpit,
593 1554 775 1631 Polydorum
786 1556 955 1624 obtruncat,
971 1559 1001 1613 et
1016 1570 1090 1611 auro
1189 1550 1228 1609 66

244 1644 285 1704 Vi
297 1646 413 1723 potitur.
455 1646 538 1715 Quid
550 1667 610 1707 non
622 1648 759 1706 mortalia
770 1656 893 1725 pectora
907 1646 1002 1724 cogis,

245 1738 322 1799 Auri
334 1759 425 1799 sacra
437 1741 532 1799 sames
545 1741 556 1798 ?
596 1740 759 1818 Postquam
773 1758 867 1817 pavor
879 1758 949 1797 ossa
962 1736 1092 1814 reliquit,

244 1832 388 1892 Delector
401 1834 501 1911 populi
514 1834 552 1893 ad
566 1853 718 1912 proceres,
734 1833 918 1912 primumque
933 1840 1095 1909 parentem.

244 1926 381 1986 Monstra
393 1924 482 1986 (leiim
494 1928 603 2000 refero,
619 1936 660 1999 at,
677 1948 744 2006 qum
758 1928 795 1987 sit
810 1925 967 1997 sententia,
985 1942 1084 2003 posco.

244 2020 391 2079 Omnibus
404 2020 481 2079 idem
495 2022 611 2080 animus
623 2020 773 2081 sceleratis
784 2020 933 2101 escedere
946 2018 1040 2089 terrd,
1190 2018 1229 2077 60

244 2112 356 2191 Linqui
369 2114 512 2191 pollutum
526 2115 695 2193 hospitium,
710 2123 741 2173 et
753 2115 827 2173 (lare
840 2114 988 2173 classibus
1001 2118 1128 2173 austros.

245 2206 328 2287 Ergo
342 2208 542 2267 instauramus
554 2208 704 2285 Polydoro
717 2208 816 2280 funus,
832 2216 862 2266 at
876 2209 983 2287 ingens

246 2302 410 2380 Agger-itur
422 2302 534 2361 tumulo
548 2304 638 2361 tellus
651 2321 660 2372 ;
685 2311 764 2361 stant
777 2302 919 2361 Manibus
933 2320 1003 2373 arae,

247 2392 395 2455 ceruleis
407 2404 522 2453 moestm
535 2396 615 2453 vittis
628 2394 755 2473 atraque
768 2414 913 2473 cupresso
926 2414 935 2465 ;

245 2487 809 2549 Etcircbmlliadescrinemdemore
823 2489 937 2549 solutae.
1190 2488 1229 2547 65

247 2580 404 2641 inferimus
417 2584 516 2661 tepido
529 2584 697 2661 spumantia
709 2584 829 2660 cymbia
842 2584 930 2655 lacte,

248 2676 407 2754 Sanguinis
420 2685 451 2733 ct
464 2677 544 2735 sacri
559 2686 677 2755 pateras
690 2696 699 2747 ;
722 2677 912 2753 animamque
925 2676 1064 2757 sepulcro

212 2766 423 2859 ιέῖοιιιιὶιιιιιιι,
438 2777 469 2827 et
481 2768 593 2848 magud
605 2769 776 2847 supremum
789 2788 864 2829 voca
878 2769 1000 2829 ciemus.

286 2860 371 2933 Inde,
388 2862 438 2920 ubi
452 2863 547 2941 prima
559 2862 634 2921 fides
647 2863 765 2941 pelago,
781 2863 959 2940 placataque
973 2862 1052 2921 venti

247 2953 330 3013 Dant
343 2955 447 3027 maria,
463 2964 493 3013 et
506 2956 583 3014 lenis
595 2956 747 3033 crepitans
760 2962 848 3015 vocat
861 2956 974 3014 Auster
986 2956 1016 3013 in
1030 2955 1132 3028 altum,

248 3047 409 3106 Deducunt
423 3050 497 3107 socii
510 3068 613 3121 naves,
629 3058 660 3106 et
672 3049 772 3115 littora
785 3049 944 3127 complent.

247 3142 443 3203 Provehimur
456 3151 563 3222 porta3
586 3153 736 3220 terraque
750 3146 901 3221 urbesque
919 3144 1072 3205 recedunt.

249 3237 343 3295 Sacra
356 3238 432 3295 mari
446 3237 553 3295 colitur
565 3237 663 3297 medio
676 3238 846 3316 gratissima
858 3238 947 3297 tellus

246 3328 412 3388 Nereidum
425 3330 513 3389 matri
526 3339 556 3389 et
570 3330 711 3409 Neptuno
723 3330 836 3407 AEgaeo
849 3348 857 3401 3

247 3422 349 3490 Quam
363 3423 429 3501 pius
441 3424 631 3495 Arcitenens,
647 3444 718 3481 oras
730 3433 761 3482 et
773 3425 874 3483 littora
887 3424 1000 3483 circum

246 3514 419 3588 Errantem,
435 3516 539 3595 Gyaro
553 3516 638 3575 celsi
650 3516 841 3593 Myconoque
855 3518 993 3589 revinxit,

249 3606 463 3685 Immotumque
478 3610 536 3668 coli
550 3610 641 3682 dedit,
656 3619 687 3669 et
700 3619 890 3669 contemnere
905 3618 1018 3671 ventos.

247 3700 322 3761 Huc
337 3702 417 3760 feror
429 3720 438 3771 ;
465 3703 530 3763 baec
543 3704 640 3763 sessos
652 3711 716 3763 tuto
729 3704 929 3781 placidissima
943 3711 1029 3779 portu

247 3794 377 3872 Accipit.
419 3796 547 3875 Egressi
560 3815 738 3855 veneramur
747 3796 894 3875 Apollinis
907 3798 1021 3855 urbem.

246 3886 318 3947 Rex
331 3888 441 3961 Anius,
456 3910 511 3948 rex
523 3890 602 3949 idem
615 3891 765 3949 bominum
776 3890 944 3967 Pbmbique
955 3888 1108 3961 sacerdos,

248 3979 342 4039 Vittis
354 3990 386 4040 et
399 3982 490 4042 sacris
502 3984 656 4044 redimitus
670 3994 806 4061 tempora
819 3985 914 4055 lauro,

250 4070 391 4133 Occurrit
405 4093 412 4132 ε
435 4086 568 4137 vetarem
580 4078 734 4137 Anchisen
748 4078 885 4156 agnoscit
901 4077 1037 4139 amicum.

248 4164 410 4245 Juugimus
423 4170 551 4249 bospitio
564 4172 695 4243 dextras,
711 4180 741 4231 et
753 4179 835 4230 tecta
848 4171 990 4231 subimus.

249 4258 377 4341 Templa
390 4264 440 4324 dei
453 4286 526 4325 saxo
539 4268 709 4327 venerabar
721 4274 836 4327 structa
850 4276 986 4328 vetusto:

247 4352 300 4415 Da
313 4358 475 4436 propriam,
490 4361 684 4439 Thymbraee,
699 4362 838 4421 domum:
860 4362 900 4421 da
913 4362 1024 4423 moenia
1037 4362 1136 4436 semis,
