3167 5234
375 554 435 612 m
668 544 696 590 Ρ.
714 540 884 589 VlRGlLll
902 538 1077 587 HABONIS

415 686 485 746 Non
498 687 575 758 bueo,
589 702 608 743 o
621 681 716 753 Pelle,
732 679 861 741 dederes
875 681 1022 757 promisee
1041 677 1168 756 parenti.

377 778 506 839 Ceutiire
520 788 552 837 ut
565 795 647 837 σιω
661 777 754 833 velles
767 782 798 832 te
812 774 938 833 eredere
951 774 1045 831 Merti
1058 778 1066 830 l

376 872 470 933 Hend
484 874 606 951 ignerue
620 888 713 941 erem,
730 875 874 946 quantum
886 887 966 926 nore
979 866 1077 945 glorie
1090 866 1121 924 in
1133 864 1233 937 ermie,

376 966 418 1026 Et
432 965 581 1045 praedulce
595 965 689 1022 decue
703 963 797 1040 primo
811 962 975 1020 certamine
990 968 1099 1038 poeeet.
1313 960 1371 1017 156
1406 941 1409 955 ’

376 1060 519 1119 Primitim
530 1058 650 1135 juvenis
663 1057 781 1115 miserae
796 1058 803 1112 !
826 1054 957 1131 bellique
972 1052 1130 1131 propinqui

376 1152 465 1212 Dure
478 1153 646 1211 redimente
661 1152 669 1208 l
690 1158 721 1207 et
733 1150 808 1209 nulli
821 1148 962 1208 exaudite
974 1148 1099 1207 deorum

375 1244 458 1305 Vote
471 1262 638 1323 precesque
651 1262 726 1302 mere
739 1246 747 1302 l
787 1243 909 1320 Tuque,
924 1262 944 1299 o
957 1240 1147 1300 senctieeime
1160 1238 1280 1316 conjux,

378 1339 466 1398 Felix
479 1347 574 1398 morte
587 1338 652 1409 turi,
666 1356 766 1413 neque
780 1338 810 1394 in
825 1336 904 1393 bune
916 1342 1039 1393 serente
1055 1334 1208 1394 dolorem!

378 1432 496 1493 Contrd
509 1452 567 1511 ego
580 1431 707 1489 virendo
721 1430 780 1489 vici
793 1448 863 1488 mee
876 1429 947 1500 lete,
963 1435 1117 1506 superstes
1312 1429 1369 1486 160

377 1527 539 1585 Reeterem
553 1534 585 1583 ut
598 1526 725 1603 genitor.
767 1524 883 1581 Troum
897 1524 981 1581 socie
995 1540 1078 1579 orme
1091 1527 1229 1579 eoeutum

377 1620 547 1680 Obruerent
560 1618 667 1677 Rutuli
679 1618 767 1676 telin!
789 1619 919 1677 animem
933 1617 997 1695 ipse
1011 1615 1169 1687 dedissem,

377 1716 478 1791 Atque
492 1715 558 1773 boee
572 1733 679 1791 pompe
692 1712 811 1771 domum
825 1731 883 1783 me,
899 1731 959 1771 non
972 1711 1123 1781 Pellente,
1138 1709 1267 1769 referret
1282 1712 1290 1767 l

377 1807 407 1869 N
409 1828 445 1866 ec
459 1827 512 1866 voe
526 1806 688 1886 arguerim,
703 1806 827 1877 Teucri,
844 1824 902 1865 neo
916 1804 1042 1875 fodere,
1058 1822 1115 1862 nec
1137 1822 1212 1881 quen

376 1900 536 1961 Junrimue
549 1901 676 1979 bospitio
685 1900 807 1959 dextree
823 1918 830 1957 :
853 1920 919 1959 eore
934 1900 992 1957 inte
1006 1904 1138 1959 eeneoter
1314 1899 1367 1957 166

376 1994 490 2055 Debite
502 2003 568 2053 eret
583 2003 702 2053 noetroe.
745 1993 837 2061 Qudd
850 1994 877 2051 oi
890 1994 1049 2052 immature
1062 1992 1202 2049 menebet

376 2088 465 2148 More
477 2098 580 2147 netum
596 2107 605 2159 ;
627 2089 716 2147 emole
729 2086 912 2147 Volscorurn
925 2087 1057 2145 millibus
1071 2085 1151 2156 ente,

376 2182 548 2243 Ducentem
562 2183 593 2241 in
605 2182 727 2241 Latium
739 2182 879 2240 Teucros
893 2180 1041 2239 oeoidiene
1058 2178 1183 2255 juvebit.

377 2275 461 2344 Quin
476 2296 534 2354 ego
547 2296 608 2335 non
620 2275 680 2333 elio
693 2275 801 2353 digner
816 2284 848 2334 te
861 2275 978 2344 sunere,
994 2273 1091 2344 Pelle,

377 2368 479 2438 Quum
492 2370 559 2449 pius
574 2368 700 2440 AEneee,
717 2377 747 2427 et
762 2368 852 2445 qudrn
866 2368 968 2446 magui
982 2366 1131 2445 Phryges,
1146 2374 1177 2423 et
1191 2365 1283 2442 qudm
1313 2366 1368 2425 170

375 2463 588 2541 Tyrrhenique
601 2462 706 2533 duces,
722 2458 914 2539 Tyrrhenum
928 2460 1079 2520 exercituo
1093 2460 1197 2519 omnio.

376 2553 492 2635 Magne
504 2564 619 2634 tropum
632 2556 741 2626 ferunt,
758 2574 833 2632 quoe
848 2555 898 2613 det
911 2562 965 2612 tue
978 2554 1103 2611 dextere
1115 2553 1184 2611 leto.

376 2648 425 2707 Tu
441 2670 559 2727 quoque
574 2669 654 2708 nune
667 2658 766 2708 oteres
779 2649 915 2707 immenis
928 2656 1053 2706 trunous
1068 2647 1097 2705 in
1112 2646 1211 2718 ermis,

377 2740 470 2802 Esset
484 2763 539 2821 per
553 2752 636 2814 tetes,
653 2752 683 2801 et
697 2743 774 2801 idem
789 2743 815 2801 ei
829 2743 921 2801 robur
935 2743 973 2800 eb
994 2740 1091 2812 ennio,

377 2834 491 2895 Turne.
533 2837 593 2895 Sed
608 2837 710 2895 infelix
723 2836 861 2894 Teucros
876 2835 945 2911 quid
959 2834 1097 2893 demoror
1113 2831 1203 2891 ermis
1220 2832 1232 2889 l
1315 2834 1368 2893 1⁷5

376 2929 498 3003 Vadite,
514 2939 544 2989 et
558 2930 624 2989 hoec
638 2950 785 2989 memores
799 2931 865 3008 regi
879 2929 1021 2988 mendete
1033 2930 1143 2987 referte
1160 2946 1167 2985 ε

377 3022 469 3091 Quod
482 3025 574 3083 vitem
586 3042 687 3082 moror
699 3024 836 3096 invisere,
852 3023 989 3081 Pellente
1003 3028 1167 3099 perempto,

375 3115 513 3175 Dexteru
527 3134 620 3175 oeuee
632 3125 685 3174 tue
697 3125 744 3175 eet
757 3136 765 3186 3
788 3117 926 3175 Turnum
940 3124 1071 3191 netoque
1086 3114 1225 3192 petrique

377 3209 479 3277 Quem
492 3209 603 3268 debere
617 3209 700 3268 viden
714 3230 721 3268 :
743 3210 857 3269 meritis
872 3219 960 3268 vecet
974 3210 1021 3267 hio
1035 3208 1089 3267 tibi
1102 3208 1183 3267 eolus

376 3303 580 3380 Fortunaeque
594 3304 689 3362 loeus.
731 3304 761 3361 N
762 3324 802 3363 on
815 3304 882 3362 vitm
897 3302 1008 3381 geudio
1022 3284 1135 3377 quaero,

376 3397 406 3455 N
408 3416 445 3455 ec
459 3396 503 3455 see
516 3416 524 3466 3
548 3396 602 3455 sed
615 3405 686 3464 neto
699 3396 810 3455 Menee
824 3396 957 3474 perferre
971 3397 1026 3453 eub
1042 3396 1126 3453 imno.

415 3490 536 3547 Aurore
549 3490 666 3547 interee
678 3490 796 3548 miseris
809 3490 983 3548 mortalibus
999 3489 1108 3547 elnam

376 3582 534 3642 Extuleret
548 3583 657 3654 lucem,
672 3584 809 3642 referens
823 3602 916 3661 opere
929 3592 1019 3659 etque
1042 3583 1172 3641 leboree.

375 3676 447 3736 Jem
461 3687 546 3753 peter
560 3674 687 3747 AEneeo,
698 3676 763 3752 jem
776 3695 869 3735 curvo
884 3677 913 3735 in
927 3676 1024 3735 littore
1039 3676 1159 3734 Ter-cbo

377 3767 570 3829 Constituire
585 3788 675 3847 pyren
691 3786 698 3839 ;
721 3770 781 3829 huo
796 3788 923 3848 corpore
938 3770 1064 3846 quisque
1080 3786 1201 3827 suorum

376 3860 464 3921 More
476 3861 574 3921 tulere
588 3872 705 3940 petrum
721 3883 728 3933 ;
751 3864 957 3941 subjectisque
971 3863 1092 3949 ignibus
1107 3862 1179 3921 etrie

378 3953 525 4015 conditur
538 3956 569 4015 iu
581 3958 723 4021 teuebree
737 3958 830 4017 eitum
844 3958 974 4035 oeligine
989 3958 1109 4017 ooelum.

377 4047 441 4107 Ter
454 4049 567 4107 circum
582 4069 739 4121 uocemue,
754 4052 848 4110 uincti
862 4052 1044 4129 fulgentibus
1057 4050 1160 4121 ermis,

377 4138 551 4200 Decurrit-o
566 4162 657 4220 rogor
673 4163 681 4213 ;
704 4153 752 4203 ter
765 4154 905 4204 moestum
920 4144 1033 4203 funeris
1047 4144 1147 4221 ignem

376 4230 562 4295 Leserevtre
576 4235 607 4294 in
620 4238 717 4313 equis,
734 4238 926 4315 ululetueque
941 4257 993 4297 ore
1008 4234 1129 4296 dedere.

378 4326 536 4405 Spergitur
549 4336 579 4386 et
592 4330 682 4388 tellus
695 4331 849 4408 leorymie,
866 4344 1048 4411 nperguntur
1059 4340 1090 4391 et
1104 4348 1189 4389 erme
1202 4348 1211 4387 ε
