3167 5234
563 581 738 630 AENEIDOS
757 584 827 631 me.
842 582 888 631 lv.
992 614 1000 631 ι

270 719 373 781 Audiit
388 718 542 791 exanimis,
557 719 731 799 trepidoque
744 720 888 779 exterrita
901 740 1002 792 eursu,

231 814 391 893 Unguibus
404 831 458 871 ora
470 831 557 871 soror
569 812 694 885 findens,
710 821 740 871 et
753 822 877 891 pectora
890 814 1008 891 pugnis,

232 908 292 967 Per
304 905 419 965 medios
432 905 502 976 ruit,
518 924 555 964 ec
568 906 741 964 morientem
755 907 873 965 nomine
887 908 995 965 clamat
1010 924 1018 964 ε

231 998 304 1059 Hoc
314 997 398 1069 illud,
413 1016 566 1076 germane,
583 998 638 1056 fuit
652 998 663 1055 ἰ
683 1018 731 1057 me
745 998 850 1058 fraude
864 998 1009 1077 petebas?
1157 1002 1215 1057 ete

231 1091 303 1153 Hoc
316 1110 410 1170 rogus
422 1092 479 1149 iste
492 1090 574 1163 mibi,
589 1091 648 1149 boc
660 1092 746 1170 ignes
760 1111 880 1169 arteque
896 1092 1062 1170 parabant?

234 1184 314 1253 Quid
328 1184 454 1263 primum
467 1185 587 1243 deserte
601 1204 711 1261 querar
724 1186 735 1242 l
755 1187 931 1245 comitemne
945 1206 1077 1245 sororem

233 1278 379 1356 Sprevisti
391 1278 521 1335 moriens
537 1277 548 1333 l
588 1278 705 1336 Eadem
718 1298 765 1337 me
779 1280 817 1336 ad
831 1280 892 1337 seta
904 1278 1046 1339 vecisses
1059 1298 1068 1350 ;

234 1370 316 1429 ldem
331 1372 434 1428 ambos
446 1370 525 1428 ferro
539 1369 633 1442 dolor,
649 1379 738 1446 atque
752 1370 859 1429 endem
871 1371 955 1443 hore,
970 1372 1094 1432 tulisset.

235 1462 294 1522 His
307 1462 397 1521 etiam
410 1464 504 1521 struxi
519 1464 666 1535 munibus,
682 1463 853 1540 patriosque
868 1465 974 1523 vocavi

235 1556 320 1614 Voce
334 1556 418 1627 deos,
433 1556 477 1614 sic
490 1566 521 1614 te
534 1564 566 1615 ut
580 1554 688 1634 positi,
704 1556 856 1615 crudelis!
878 1559 1014 1615 abessem
1030 1556 1042 1613 l
1229 1630 1233 1637 Ι

234 1650 368 1709 Extinxti
383 1668 442 1721 me,
456 1656 558 1726 teque,
574 1667 668 1721 soror,
684 1650 893 1727 populumque,
910 1657 1068 1727 patresque
1163 1702 1167 1709 .

237 1742 382 1813 Sidonios,
399 1743 563 1818 urbemque
580 1750 672 1801 tuem.
712 1741 794 1801 Date
807 1742 933 1800 vulnere
947 1741 1074 1819 lymphis
1087 1760 1096 1813 3

236 1836 375 1906 Abluam,
391 1843 432 1906 et,
448 1842 598 1893 extremus
611 1835 637 1893 si
652 1835 718 1911 quis
731 1834 822 1913 super
834 1834 945 1895 balitus
958 1842 1050 1907 errat,

235 1930 298 1989 Ore
312 1929 419 2006 legam.
463 1928 513 1986 Sic
530 1928 603 1999 sata,
618 1928 730 2006 gratim
742 1936 881 1989 evaserat
895 1929 981 2000 altos,

237 2019 495 2097 Semanimemque
518 2021 584 2080 sinu
598 2040 771 2099 germanam
784 2022 922 2099 amplexa
934 2022 1053 2081 fovebat

238 2114 318 2175 Cum
331 2114 455 2193 gemitu,
470 2122 561 2190 atque
575 2127 655 2172 atros
668 2116 802 2173 siccabat
817 2122 899 2173 veste
914 2132 1046 2175 cruores.

238 2207 304 2280 Illa,
318 2226 429 2287 moves
441 2207 545 2265 oculos
558 2216 666 2265 conata
679 2208 824 2279 attollere,
839 2227 944 2267 rursus

237 2301 369 2361 Deficit:
391 2301 513 2359 infixum
526 2300 621 2359 stridit
634 2303 691 2360 sub
705 2310 826 2379 pectore
840 2301 955 2360 vulnus.

237 2395 380 2455 Tereese
395 2395 532 2454 attollens
546 2394 705 2471 cubitoque
720 2394 829 2453 adnixa
841 2393 961 2465 levavit,

237 2490 301 2549 Ter
312 2490 450 2548 revoluta
460 2497 526 2547 toro
540 2496 585 2547 est
599 2506 608 2557 ;
630 2487 784 2563 oculisque
798 2486 967 2545 errantibus
981 2486 1041 2545 alto

239 2580 385 2655 Quaesivit
402 2582 480 2641 coelo
494 2582 603 2652 lucem,
618 2580 821 2658 ingemuitque
835 2586 992 2657 repertum.

275 2676 356 2734 Tum
368 2675 450 2735 June
463 2674 657 2751 omnipotens,
672 2674 795 2750 longum
807 2672 949 2730 miserato
963 2672 1094 2733 dolorem

237 2768 445 2844 Difficileeque
458 2768 566 2838 obitus,
582 2765 654 2824 Irim
674 2764 790 2824 demisit
804 2765 941 2842 Olympo,

238 2861 317 2930 Qum
331 2862 493 2919 luctantem
507 2859 636 2918 enimsm
648 2877 800 2934 nexosque
814 2858 976 2917 resolveret
990 2864 1083 2919 artus.
1161 2862 1219 2921 695
1312 2936 1315 2947 1

238 2956 267 3015 N
269 2974 328 3027 am,
345 2955 416 3031 quia
429 2973 486 3013 nec
499 2955 571 3026 sato,
587 2951 694 3012 meriti
705 2972 763 3011 nec
775 2960 869 3011 morte
885 2953 1011 3031 peribat,

240 3049 298 3107 Sed
308 3048 424 3106 misera
437 3056 507 3105 ante
521 3046 609 3117 diem,
624 3046 782 3121 subitoque
796 3065 925 3105 accensa
938 3045 1049 3119 surore,

239 3141 379 3202 Nondum
389 3140 431 3223 illi
444 3141 555 3199 flavum
565 3139 746 3217 Proserpina
759 3140 870 3197 vertice
885 3140 998 3199 crinem

239 3235 423 3305 Abstulerat,
439 3232 603 3311 Stygioque
617 3240 708 3309 ceput
725 3232 918 3291 damnaverat
931 3233 1022 3293 Orco.

237 3328 323 3407 Ergo
337 3326 406 3399 Iris,
422 3325 538 3385 croceis
552 3344 606 3403 per
619 3327 728 3384 coelum
749 3325 868 3384 roscida
882 3325 997 3403 pennis,

239 3421 329 3481 Mille
347 3420 470 3479 trahone
483 3420 581 3477 varios
599 3420 725 3478 adverso
739 3420 803 3478 sole
817 3419 943 3489 colores,

239 3514 380 3585 Derolst,
394 3522 426 3571 et
438 3532 530 3590 supra
542 3520 632 3589 caput
646 3513 757 3571 adstitit
772 3531 779 3569 :
801 3511 895 3569 Hunc
908 3530 966 3589 ego
979 3510 1044 3571 Diti

241 3608 366 3665 Sacrum
381 3606 468 3683 jussa
486 3606 561 3676 t'cro,
576 3612 667 3681 teque
681 3605 737 3663 isto
751 3624 877 3682 corpore
891 3604 984 3663 solvo.

241 3701 292 3759 Sic
306 3701 357 3772 eit,
373 3708 403 3757 et
416 3696 523 3757 dextri
535 3698 649 3757 crinem
664 3708 758 3758 secut.
801 3698 905 3757 Omnis
919 3706 948 3755 et
963 3696 1025 3757 uui
1081 3726 1089 3733 ·

237 3794 383 3873 Dilapsus
396 3793 490 3865 color,
505 3800 596 3869 etque
610 3792 640 3851 in
653 3800 758 3851 ventos
771 3792 833 3851 vita
849 3789 983 3849 recessit.
