3167 5234
342 568 384 630 ω
624 559 652 607 P.
674 556 846 607 vrnntnn
869 554 1045 603 MARONIS

344 700 475 769 Qnslem
488 698 570 779 sape
583 696 661 759 eset
673 699 782 759 montis
795 695 932 757 convelle
945 694 1076 755 solemus

342 794 502 875 Dispicere
515 814 525 866 ;
547 795 607 854 buc
620 792 742 853 sununis
754 792 908 869 liquuntur
921 790 1044 868 rupibus
1058 806 1174 865 omnes,

343 890 538 967 Felicemque
551 888 672 947 trsbunt
685 886 788 945 limum
804 903 812 955 ;
838 885 948 961 quique
962 882 1060 943 editus
1073 883 1197 955 Austro,

342 984 384 1043 Et
397 982 507 1043 filicem
520 981 620 1041 curris
633 980 760 1039 invisum
772 980 869 1058 puscit
884 978 991 1037 srstris
1006 996 1014 1035 ε

343 1074 749 1154 Hictibiprtevclidssolim
760 1074 914 1151 multoque
928 1072 1055 1133 fluentes
1276 1072 1331 1131 190

345 1169 479 1230 Sufficiet
496 1169 620 1228 Bsccbo
633 1168 710 1228 vites
721 1186 736 1238 ⁰,
753 1167 803 1227 bic
816 1166 923 1225 fertilis
936 1184 1014 1237 uve,

344 1262 408 1323 Hic
421 1262 530 1335 laticis,
547 1262 666 1339 qualem
679 1262 790 1339 poteris
803 1261 930 1320 libemus
944 1265 974 1319 et
988 1277 1072 1331 suro,

344 1356 462 1416 Induvit
475 1374 567 1433 quum
579 1354 699 1434 pinguis
711 1356 787 1413 ebur
799 1354 976 1432 Tyrrhenus
990 1352 1029 1411 sd
1042 1370 1123 1425 eres,

343 1451 496 1512 Lsncibus
509 1460 540 1510 et
552 1451 658 1530 pendis
671 1450 816 1509 iumentis
828 1449 980 1509 reddimus
993 1456 1071 1509 exis.

344 1548 396 1608 Sin
411 1555 547 1607 ments
559 1546 657 1626 magis
669 1546 799 1605 studium
813 1544 980 1621 vitulosque
994 1545 1082 1617 tueri,
1274 1546 1329 1605 195

343 1643 406 1700 Aut
419 1640 509 1700 ioetus
521 1640 631 1712 onum,
647 1648 698 1697 out
712 1647 833 1698 urentes
847 1638 929 1698 culte
942 1639 1091 1716 ospolim

345 1735 448 1794 Stltus
460 1741 491 1793 et
504 1733 599 1793 ssturi
611 1734 703 1812 petito
716 1732 882 1811 longinquo
893 1732 1029 1805 Tarenti,

344 1829 386 1888 Et
400 1828 518 1905 qualem
532 1826 634 1886 infelix
647 1826 745 1885 emisit
764 1826 892 1886 Mantus
907 1845 1055 1905 campum,

342 1920 643 1981 Poscentem'niveos
655 1921 785 1980 herboso
798 1919 918 1979 flumine
932 1938 1055 1997 cycnos.

344 2014 373 2075 N
375 2035 414 2074 on
427 2014 532 2093 liquidi
543 2016 689 2095 gregibus
701 2014 810 2088 sontes,
824 2033 884 2073 non
898 2013 1045 2093 gremino,
1060 2012 1187 2074 deerunt
1202 2032 1211 2085 ς
1272 2014 1331 2073 000

342 2108 385 2169 Et
401 2108 544 2186 qusntbnr
561 2108 658 2187 longis
672 2115 797 2186 curpent
811 2115 946 2167 armento
959 2106 1074 2180 diebus,

343 2201 466 2281 Exigui
477 2201 594 2261 tnntbm
605 2201 722 2280 gelidus
735 2220 786 2261 ros
799 2210 887 2261 nocte
901 2208 1033 2279 reponet.

382 2296 482 2374 Nigro
494 2294 569 2367 ferd,
585 2305 615 2353 et
629 2313 735 2373 presso
748 2294 868 2373 pinguis
880 2294 937 2354 sub
951 2312 1070 2353 vomere
1083 2300 1175 2368 terre,

342 2389 383 2449 Et
396 2388 445 2449 oui
459 2397 545 2467 putre
558 2388 654 2447 solum
670 2389 813 2466 (namque
826 2388 885 2447 boc
899 2387 1047 2448 imitemur
1061 2386 1202 2468 urende)

343 2482 463 2561 Optimo
476 2482 631 2542 frumentis
644 2501 652 2552 3
676 2502 735 2543 non
749 2482 810 2542 ullo
824 2500 862 2541 ex
877 2500 998 2559 {equore
1014 2499 1121 2541 cernes
1271 2484 1331 2543 005

343 2575 436 2636 Plurs
448 2576 567 2636 domum
579 2574 672 2635 turdis
685 2575 834 2635 decedere
848 2576 982 2653 plaustro
995 2575 1154 2653 juvencis:

342 2669 405 2726 Aut
417 2667 495 2727 unde
509 2669 603 2727 iratus
615 2668 720 2727 silvam
734 2668 853 2727 devexit
867 2675 978 2740 emtor,

343 2760 385 2819 Et
398 2779 522 2819 nemora
534 2761 641 2819 evertit
654 2761 762 2819 multos
775 2760 886 2839 Quove
900 2779 954 2839 per
967 2780 1072 2834 annos,

342 2853 554 2931 Antiquusque
568 2853 671 2913 domos
684 2853 783 2913 ovium
796 2873 865 2913 cum
878 2854 1020 2933 stirpibus
1032 2855 1099 2915 imis

343 2947 432 3008 Emit
446 2965 454 3004 ε
477 2947 536 3007 itte
550 2946 642 3005 ultum
655 2946 732 3007 nidis
745 2943 860 3025 petidre
875 2948 988 3007 relictis
1001 2968 1010 3020 ;
1270 2951 1331 3008 010

342 3041 384 3099 At
397 3039 480 3098 rudis
494 3039 599 3098 enituit
619 3039 745 3117 impulso
758 3058 878 3100 vomere
892 3061 1025 3120 csnrpus.

343 3132 373 3192 N
375 3152 423 3191 snr
438 3132 543 3209 jejuno
556 3132 675 3211 quidem
688 3132 793 3192 clivosi
810 3134 916 3213 glures
929 3134 1008 3194 ruris

342 3225 403 3284 Vix
415 3225 543 3285 humiles
555 3226 662 3305 apibus
675 3226 774 3285 ossius
791 3246 950 3305 roremque
964 3228 1110 3289 ministrst
1122 3248 1132 3299 ;

342 3318 383 3378 Et
400 3319 508 3399 tophus
521 3321 640 3391 scaber,
653 3325 684 3378 et
702 3319 797 3397 nigris
811 3338 904 3379 exesa
917 3320 1067 3399 chelydris

343 3412 449 3485 Creta,
464 3422 577 3492 negent
589 3413 666 3471 ulios
680 3412 766 3489 nqud
779 3414 970 3492 serpentibus
984 3433 1075 3493 egros
1270 3416 1329 3474 016

342 3505 472 3565 Dulcem
485 3506 566 3565 serre
579 3506 689 3577 cibum,
704 3515 734 3564 et
748 3526 858 3566 curvus
872 3510 1006 3585 praebere
1021 3509 1162 3569 latebras.

382 3599 461 3667 Qun
473 3608 594 3660 tenuem
608 3600 729 3659 exhalat
746 3600 886 3659 nebulum
902 3600 1058 3678 fumosque
1072 3600 1220 3674 volucres,

341 3692 382 3753 Et
395 3693 468 3753 bibit
481 3694 645 3765 humorem,
661 3700 702 3765 et,
717 3712 808 3770 quum
822 3692 895 3765 vult,
911 3711 949 3752 ex
963 3712 996 3753 se
1010 3694 1075 3772 ipss
1088 3695 1209 3755 remittit
1225 3712 1233 3765 ;

341 3786 480 3865 Quaeque
493 3806 549 3846 suo
561 3787 649 3847 viridi
662 3805 781 3865 senrper
792 3806 827 3845 se
840 3787 976 3864 gramine
990 3788 1088 3861 vestit,
1106 3844 1114 3863 ,

340 3880 408 3939 Nec
420 3881 524 3939 scabie
537 3888 568 3939 et
581 3878 664 3941 salsi
681 3880 762 3941 ledit
779 3880 918 3958 rubigine
933 3880 1044 3941 serrum
1059 3900 1068 3940 ε
1267 3882 1327 3939 000

340 3972 398 4031 Ills
410 3973 465 4031 tibi
478 3973 554 4033 laetis
567 3974 679 4033 intexet
692 3974 802 4035 vitibus
817 3974 913 4033 ulmos
928 3994 936 4045 ς

340 4067 398 4127 Ille
411 4067 495 4127 ferox
508 4069 574 4127 oleo
587 4077 634 4127 est
649 4088 658 4139 ;
680 4070 763 4130 illurn
775 4068 932 4149 experiire
946 4070 1072 4129 colendo

338 4161 381 4221 Et
393 4161 512 4220 facilem
525 4162 637 4240 pecori,
653 4172 684 4221 et
697 4164 858 4240 patientem
873 4164 1002 4223 vomeris
1015 4163 1095 4223 unci.

338 4254 446 4315 Talem
459 4254 543 4313 dives
557 4261 624 4313 urst
637 4254 756 4333 Capua,
772 4266 802 4315 et
816 4258 916 4317 vicine
927 4256 1049 4317 Vesevo

338 4348 402 4409 Orc
416 4348 503 4427 jugo,
518 4356 548 4407 et
562 4348 666 4408 vscuis
679 4348 806 4410 Clanius
820 4370 879 4411 non
893 4370 997 4429 aequus
1010 4351 1145 4413 Acerris.
1265 4352 1325 4413 005
