3167 5234
378 580 432 637 186
662 575 689 622 Ρ.
711 575 876 623 vlnerum
898 575 1071 623 Mauortis

375 714 411 773 In
425 714 527 794 reguis
540 713 597 773 hoc
611 732 685 772 auaa
697 715 766 775 tuin.

260 828 264 837 ’
375 808 436 868 Per
449 809 548 866 acelue
561 826 635 866 ecce
649 808 739 865 etiam
752 808 892 884 Trojanis
905 807 1050 866 matribus
1064 804 1140 863 actia

375 901 499 960 Exuaait
513 899 592 959 foedd
606 920 729 977 puppea,
744 910 775 959 et
788 902 887 959 classe
901 899 1020 978 subegit

375 994 497 1053 Amissi
510 994 607 1052 socios
620 994 729 1071 ignotae
743 994 879 1070 linquere
892 1003 991 1052 terrae.
1300 992 1358 1050 '195

376 1086 467 1153 Quod
480 1094 628 1164 aupereat,
644 1106 707 1157 oro,
723 1085 813 1144 liceat
827 1086 899 1145 dare
912 1093 978 1144 tuta
991 1104 1045 1163 per
1058 1084 1154 1143 undae

376 1178 456 1238 Vela
468 1180 522 1237 tibi
534 1197 543 1249 ;
565 1180 658 1237 liceat
669 1178 852 1237 Laurentem
868 1180 1012 1256 attingere
1026 1178 1151 1255 Tybrim
1166 1196 1174 1247 3

377 1272 409 1330 Si
422 1291 567 1330 concessa
581 1279 660 1348 peto,
676 1272 702 1329 ai
715 1271 786 1329 dant
800 1291 837 1329 ea
851 1272 961 1329 moenia
973 1272 1090 1331 Parcae.

415 1364 494 1422 Tum
509 1364 666 1422 Saturnius
679 1363 744 1422 haec
758 1363 884 1421 domitor
898 1364 988 1421 maris
1002 1363 1092 1421 edidit
1106 1363 1179 1422 alti:

376 1454 439 1515 Fau
452 1476 539 1518 omne
554 1465 609 1529 eat,
626 1455 791 1533 Cytherea,
807 1456 881 1515 meis
894 1465 923 1514 te
938 1456 1031 1515 fidere
1044 1456 1156 1534 regnis,
1302 1456 1361 1515 800

376 1548 463 1609 Unde
477 1569 573 1628 genua
587 1549 691 1608 ducis:
714 1548 810 1607 merui
830 1568 947 1626 quoque
962 1567 970 1619 ;
994 1549 1074 1626 saepe
1088 1549 1204 1607 furores

360 1631 363 1636 ¹
378 1641 552 1719 Compreaei
566 1651 596 1701 et
609 1642 723 1700 rabiem
736 1649 848 1713 tantam
863 1643 992 1718 coelique
1007 1642 1165 1719 mariaque.

377 1735 445 1795 Nec
459 1736 554 1793 minor
567 1736 597 1793 iu
611 1734 710 1806 terrie,
723 1734 879 1793 Xanthum
894 1736 1105 1812 Simodntaque
1118 1743 1221 1810 tentor,

377 1828 488 1887 AEneae
502 1828 573 1885 mihi
587 1847 662 1886 cura
673 1828 726 1887 tui.
768 1828 870 1894 Quum
883 1828 978 1887 Troia
991 1828 1125 1886 Achillea

376 1921 556 1980 Exanimata
569 1940 698 1997 sequena
713 1921 889 2000 impingeret
903 1922 1022 1999 agmina
1041 1922 1143 1992 muria,
1303 1922 1360 1979 80⁵

376 2014 474 2073 Miltia
486 2016 578 2073 multa
591 2015 676 2073 daret
689 2016 759 2087 leto,
775 2024 989 2092 gemerentque
1003 2014 1109 2092 repleti

377 2109 500 2179 Amnes,
517 2127 573 2166 nec
587 2108 718 2185 reperire
733 2108 812 2167 riam
827 2118 916 2183 atque
931 2108 1068 2165 evolvere
1084 2114 1191 2185 poaaet

378 2200 414 2259 ln
428 2220 510 2259 mare
524 2221 557 2259 ue
571 2202 711 2260 Xanthus
724 2221 732 2271 ;
754 2200 868 2259 Pelidae
882 2210 954 2259 tunc
967 2220 1025 2278 ego
1039 2200 1107 2258 forti

378 2293 583 2373 Congreaaum
596 2296 732 2367 AEncan,
747 2314 806 2353 nec
819 2296 865 2353 dis
879 2314 936 2352 nec
951 2294 1062 2352 viribus
1077 2292 1180 2369 aequis,

377 2386 467 2447 Nube
481 2386 559 2446 card
572 2389 668 2465 rapui,
685 2407 825 2465 cuperem
839 2407 929 2464 quum
943 2396 1060 2445 vertere
1075 2388 1112 2443 ab
1128 2386 1185 2444 imo
1303 2387 1363 2446 atu

378 2483 498 2539 structa
511 2483 737 2548 meiamanibua
751 2484 879 2560 perjurae
893 2483 1004 2541 moenia
1015 2482 1125 2558 Trojte.
1211 2506 1215 2515 ¹

377 2575 468 2635 Nunc
483 2596 601 2653 quoque
615 2596 699 2635 mens
713 2576 818 2635 eadem
833 2585 945 2655 perstat
961 2577 1029 2633 mihi
1046 2596 1053 2645 ;
1078 2577 1154 2653 pelle
1168 2566 1312 2635 timorem.

377 2669 485 2740 Tutus,
503 2688 577 2745 quoa
591 2678 687 2747 optas,
704 2678 806 2747 portua
821 2670 944 2728 accedet
957 2670 1078 2729 Averni.

376 2762 462 2821 Unus
476 2764 533 2821 erit
545 2763 670 2835 tantum,
687 2764 827 2821 amissum
843 2782 930 2840 quem
944 2763 1063 2840 gurgite
1078 2770 1191 2839 quaeret
1205 2781 1213 2831 ;

376 2855 475 2915 Unum
490 2876 542 2933 pro
555 2856 656 2915 multis
669 2856 788 2915 dabitur
802 2865 901 2934 caput.
1303 2856 1363 2915 815

416 2948 476 3007 Hie
491 2950 542 3007 ubi
555 2951 624 3008 laeta
637 2951 701 3009 deae
716 2950 869 3028 permulsit
884 2958 1006 3027 pectora
1019 2949 1117 3020 dictis,

375 3040 481 3120 Jungit
494 3062 588 3119 equos
603 3061 675 3100 auro
688 3043 815 3121 genitor,
833 3044 1059 3119 spumantiaque
1075 3042 1154 3100 addit

376 3136 487 3195 Fraena
501 3136 582 3207 feris,
600 3136 795 3211 manibusque
810 3154 912 3193 omnes
926 3135 1048 3193 effundit
1064 3136 1204 3193 habenae.

377 3228 519 3288 Coemleo
532 3248 586 3306 per
599 3248 713 3287 summa
727 3229 801 3287 levia
815 3229 893 3286 volat
913 3248 1033 3305 aequora
1047 3248 1147 3286 curru.

377 3322 539 3382 Subsidunt
553 3321 650 3393 undae,
667 3322 869 3400 tumidumque
884 3325 939 3381 aub
955 3342 1010 3381 axe
1024 3322 1138 3380 tonanti
1303 3324 1364 3383 880
1406 3375 1409 3380 .

377 3416 526 3474 Sternitur
539 3435 641 3492 aequor
656 3417 742 3492 aquis
756 3435 764 3484 ;
788 3416 905 3495 fugiunt
919 3424 1001 3474 vasto
1017 3416 1127 3473 aethere
1141 3416 1241 3476 nimbi.

377 3506 456 3567 Tum
469 3510 561 3568 variae
575 3510 714 3567 comitum
727 3509 821 3567 facies
835 3530 843 3579 3
866 3510 1007 3567 immania
1020 3517 1098 3580 cete,

376 3602 417 3661 Et
431 3602 532 3660 senior
543 3601 654 3659 Glauci
669 3602 788 3673 chorus,
806 3602 957 3677 lnoiiaque
971 3602 1133 3675 Palaemon,

377 3695 577 3773 Tritonesque
590 3696 653 3767 citi,
668 3696 838 3774 Phorcique
853 3697 1002 3755 exercitus
1015 3697 1120 3757 omnia.

375 3792 470 3852 Loevu
482 3801 585 3852 tenent
598 3792 715 3862 Thetis,
731 3800 761 3849 et
778 3792 894 3865 Melite,
909 3792 1111 3869 Panopeaque
1125 3792 1220 3872 virgo,
1302 3794 1361 3851 825

377 3885 497 3958 Nesaee,
512 3886 653 3963 Spioque,
670 3884 849 3962 Thaliaque,
867 3885 1109 3963 Cymodoceque.

416 3978 479 4037 Hic
494 3979 586 4055 patria
598 3978 710 4037 AEneae
725 3966 901 4055 suspensam
915 3978 1024 4036 blanda
1037 3979 1167 4037 vicissim

377 4070 498 4131 Gaudia
512 4080 678 4148 pertentant
692 4082 841 4130 mentem:
859 4072 945 4147 jubet
959 4070 1042 4129 oeiira
1057 4090 1159 4129 omnes

377 4165 481 4224 Attolli
494 4166 599 4237 malou,
616 4166 728 4223 intendi
745 4166 867 4225 brachia
880 4166 964 4225 velis.

377 4255 447 4317 Unt
460 4278 562 4317 omnes
575 4258 675 4318 fecdre
690 4260 794 4338 pedem
809 4280 816 4330 ;
841 4260 1012 4337 pariterque
1027 4260 1173 4331 sinistros,
1304 4259 1363 4317 880

378 4352 407 4413 N
410 4371 467 4411 unc
481 4350 611 4425 dextros,
626 4352 744 4414 solvere
757 4353 862 4425 ainua3
886 4351 947 4413 und
961 4352 1055 4411 ardua
1066 4358 1205 4430 torquent
