3167 5234
540 515 716 564 AENEIDOS
736 517 869 565 LIB.11.

203 656 286 718 Dum
298 653 389 726 subit,
405 672 441 714 ac
456 653 590 714 dextram
604 653 715 714 labenti
729 655 822 715 tendit
841 656 994 728 inermem,

202 749 380 830 Praecipites
393 749 564 826 pariterque
578 755 676 806 ruunt.
717 747 778 806 His
791 749 872 809 addit
885 749 1060 810 Amastrum

204 842 398 923 Hippotaden
414 862 422 912 ;
446 841 641 918 sequiturque
655 840 831 900 incumbens
843 844 960 920 eminus
976 841 1067 902 besti

203 937 377 1014 Tereaque,
388 935 667 1014 Harpalycumque,
676 935 952 1013 etDemopboonta,
963 935 1191 1012 Chromimque:

205 1031 349 1109 Quotque
363 1031 473 1090 emissa
486 1049 576 1088 manu
590 1029 732 1088 contorsit
746 1031 863 1107 spicula
875 1031 971 1110 virgo,
1135 1033 1192 1088 676

204 1125 264 1185 Tot
277 1125 403 1204 Phrygii
416 1121 555 1183 cecidere
569 1123 635 1182 viri.
676 1123 787 1183 Procul
801 1124 935 1201 Ornytus
948 1124 1040 1184 armis

206 1217 321 1296 ignotis
335 1227 364 1292 et
378 1237 456 1295 equo
471 1224 596 1276 venator
609 1215 723 1295 lapyg'e
737 1217 831 1277 senor
845 1236 853 1274 r

206 1311 267 1372 Cui
280 1312 367 1390 pellis
380 1311 457 1370 latos
470 1312 610 1370 humeros
624 1316 729 1388 erepta
737 1310 870 1386 juvenco

205 1404 372 1484 Pugnatori
386 1404 480 1482 operit
495 1422 504 1474 ;
528 1410 618 1481 caput
631 1404 739 1481 ingens
752 1403 814 1462 oris
826 1403 926 1462 hiatus
1136 1404 1196 1462 660

206 1497 248 1557 Et
262 1498 348 1557 mala
362 1494 465 1556 texere
479 1497 541 1575 lupi
555 1516 622 1556 cunr
637 1497 875 1573 dentibusalbie,

206 1591 404 1670 Agrestisque
419 1608 524 1650 manus
538 1598 634 1649 armat
648 1609 775 1668 sparus:
798 1590 862 1668 ipse
877 1589 1006 1649 catervis

206 1684 343 1743 Vertitur
355 1684 385 1744 in
399 1683 514 1756 mediis,
530 1692 560 1742 et
573 1692 635 1742 toto
649 1684 761 1742 vertice
775 1683 865 1761 suprd
879 1692 935 1742 cst.

207 1776 300 1838 Hune
314 1777 366 1837 illa
380 1785 546 1856 exceptum,
562 1797 659 1854 neque
674 1777 752 1836 enim
766 1776 852 1836 labor
864 1776 984 1854 agmine
998 1794 1098 1848 verso,

207 1871 345 1948 Trajicit,
361 1879 390 1930 ct
402 1891 491 1949 super
504 1871 569 1930 baec
584 1871 702 1931 inimico
717 1879 838 1950 pectore
852 1870 950 1930 satur:
1136 1870 1193 1928 665

208 1965 295 2025 Silvis
309 1975 349 2038 te,
365 1965 533 2043 Tyrrhena,
549 1965 629 2024 feras
642 1965 759 2043 agitare
773 1963 909 2044 putasti?

208 2059 337 2118 Advenit
352 2059 402 2136 qui
415 2067 516 2118 vestra
529 2059 593 2118 dies
606 2059 800 2118 muliebribus
815 2059 906 2118 armis

208 2150 313 2210 Verba
326 2152 522 2232 redarguerit.
565 2152 681 2212 Nomen
694 2161 795 2212 tamen
807 2152 888 2212 haud
901 2152 968 2212 lere
981 2160 1099 2230 patrum

210 2241 354 2304 Manibus
367 2245 424 2303 hcc
438 2246 563 2318 referes,
577 2247 644 2328 telo¹
651 2246 798 2306 cecidisse
813 2244 960 2306 Camillae.

208 2337 356 2398 Protenus
370 2339 560 2400 Orsilochum
573 2349 602 2398 et
617 2341 725 2412 Buten,
741 2339 801 2399 duo
816 2340 943 2398 maxima
955 2335 1110 2398 Teucrtim
1135 2339 1195 2398 690

209 2430 366 2510 Corpora:
388 2433 441 2490 sed
456 2433 554 2492 Buten
568 2453 706 2494 aversum
720 2434 843 2511 cuspide
856 2433 919 2492 lixit

171 2513 178 2536 ⁸
208 2523 349 2586 Loricam
363 2527 540 2604 galeamque
555 2527 641 2599 inter,
660 2526 721 2604 quei
734 2527 813 2586 colla
825 2527 959 2586 sedentis

208 2618 337 2690 Lucem,
354 2629 383 2678 ct
396 2620 473 2679 lavo
487 2619 633 2698 dependet
647 2639 752 2699 parma
765 2621 880 2679 lacerto
895 2639 903 2678 e

209 2712 409 2786 Orsilochum,
425 2712 542 2793 lugiens
556 2734 756 2793 magnumque
771 2714 884 2794 agitata
897 2733 952 2791 per
964 2716 1078 2787 orbem,

208 2805 311 2867 illudit
324 2827 399 2885 gyro
413 2807 546 2880 interior,
561 2808 754 2884 sequiturque
768 2815 953 2884 sequentem.
1135 2809 1194 2867 695

208 2898 287 2958 Tum
300 2899 428 2958 validam
442 2919 554 2978 perque
569 2920 653 2960 arma
666 2901 729 2960 viro
744 2920 857 2980 perque
870 2920 940 2960 ossa
953 2901 1094 2975 securim,

209 2991 308 3052 Altior
321 3013 496 3072 exsurgens,
512 2995 610 3054 oranti
623 3005 653 3054 et
666 2995 759 3054 multa
774 2995 909 3073 precanti

210 3084 428 3165 Congeminat:
451 3087 557 3146 vulnus
572 3087 668 3146 calido
682 3088 760 3166 rigat
774 3107 828 3146 ora
840 3089 975 3150 cerebro.

247 3179 355 3239 Incidit
369 3179 450 3252 huic,
465 3181 622 3258 subitoque
637 3181 780 3258 adspectu
793 3180 917 3241 territus
929 3181 1026 3254 haesit,

209 3274 452 3352 Appenninicolae
467 3275 592 3334 bellator
605 3274 684 3334 filius
697 3274 790 3347 Auni,
1136 3277 1195 3334 '100

210 3367 301 3428 Haud
315 3369 461 3448 Ligurum
475 3378 635 3442 extremus,
651 3370 721 3429 dum
733 3370 838 3430 fallere
852 3371 915 3430 sata
927 3370 1074 3430 sinebant.

209 3462 311 3540 Isque,
327 3465 377 3523 ubi
391 3483 424 3523 se
438 3465 519 3524 nullo
528 3465 592 3541 jam
606 3484 696 3524 cursu
711 3464 840 3524 evadere
853 3485 961 3544 pugnae

209 3555 314 3628 Posse,
330 3577 427 3635 neque
444 3558 601 3616 instantem
612 3559 749 3636 reginam
764 3567 914 3631 avertere,
928 3558 1025 3618 cernit
1038 3576 1048 3629 ς

209 3649 345 3710 Consilio
358 3671 480 3718 versare
494 3652 577 3710 dolos
592 3651 744 3730 ingressus
755 3661 785 3712 et
799 3661 877 3724 astu,
900 3680 902 3686 s

209 3742 316 3822 Incipit
331 3745 396 3804 haec
411 3764 418 3802 :
442 3744 522 3812 Quid
533 3753 593 3804 tam
605 3746 772 3824 egregium,
787 3746 813 3805 si
827 3744 950 3804 loemina
960 3744 1029 3803 forti
1136 3745 1194 3802 too

209 3835 291 3896 Fidis
305 3855 384 3915 equo
399 3837 409 3894 ἓ
430 3837 542 3896 dimitte
557 3839 668 3918 sugam,
684 3847 713 3897 et
727 3847 757 3896 te
770 3838 935 3896 cornminus
949 3855 1037 3914 aquo

208 3929 330 3990 Mecum
343 3932 433 3990 crede
448 3932 522 4006 solo,
538 3953 706 4012 pugnaeque
721 3933 847 4011 accinge
861 3930 1014 4010 pedestri:

207 4023 278 4084 Jam
290 4044 409 4097 nosces,
425 4035 551 4086 ventosa
562 4027 638 4086 ierat
652 4027 701 4085 cui
714 4025 810 4104 gloria
825 4025 969 4085 fraudem.

207 4116 311 4177 Dixit:
334 4128 365 4177 at
379 4119 430 4178 illa
444 4120 556 4192 furens,
573 4120 695 4196 acrique
710 4137 843 4178 accensa
856 4118 968 4191 dolore,

207 4209 312 4271 'Ibadit
326 4231 436 4290 equum
451 4214 562 4287 comiti,
579 4213 761 4292 paribusque
775 4212 886 4272 resistit
900 4213 931 4272 in
944 4213 1047 4287 armis,

206 4302 290 4366 Ense
304 4306 396 4386 pedes
410 4308 500 4380 nudo,
515 4308 651 4388 purique
665 4307 801 4368 interrita
814 4305 928 4387 parmi.
