3167 5234
580 497 759 546 AENEIDOS
778 497 849 545 ΗΒ.
866 498 886 545 1.

236 642 303 703 Hie
315 647 419 720 portus
432 638 485 699 alii
497 637 642 697 effodiunt
655 657 664 709 ;
686 636 737 697 bie
754 638 815 697 alta
829 636 955 697 theatris
1055 654 1057 661 ·

238 736 448 797 Fundamenta
461 734 563 793 locant
577 732 648 802 alii3
672 732 876 809 immanesque
891 732 1044 790 columnas

239 831 377 909 Rupibus
391 827 544 899 excidunt,
559 827 660 887 saenis
672 826 784 885 deeora
799 827 861 885 alta
875 824 1007 885 ntum

239 924 347 994 Qualis
360 942 434 1003 apes
448 929 553 981 estate
567 920 712 999 seraper
724 920 820 979 florea
833 938 904 978 rura

237 1020 371 1078 Exercet
385 1018 441 1075 sub
455 1016 520 1074 sole
534 1015 630 1089 labor,
647 1034 739 1093 quum
750 1016 850 1094 gentis
864 1014 982 1073 adultos

238 1112 381 1172 Educunt
394 1112 507 1181 soetus3
529 1119 582 1169 aut
596 1129 688 1187 quum
700 1110 845 1186 liquentia
857 1110 947 1168 mella

240 1208 366 1285 Stipant,
382 1215 412 1265 et
425 1205 507 1265 dulei
519 1203 691 1263 distendunt
704 1212 828 1262 nectare
843 1204 956 1273 uellas3

238 1301 301 1361 Aut
313 1318 408 1358 onera
425 1298 577 1377 accipiunt
592 1295 783 1368 venientum
807 1306 868 1369 aut,
885 1297 1004 1377 agmine
1018 1296 1109 1369 facto,

240 1392 397 1472 Ignavum,
412 1392 509 1463 sucos,
526 1410 620 1468 pecus
635 1410 654 1449 a
667 1391 852 1468 praesepibus
866 1398 991 1449 arcent:

240 1484 352 1544 Fervet
365 1506 451 1563 opus,
466 1485 663 1560 redolentque
676 1485 778 1561 thymo
792 1484 959 1561 fragrantia
972 1484 1071 1545 mella.

241 1578 270 1638 Ο
283 1580 434 1651 fortunati,
450 1598 576 1655 quorum
592 1578 656 1655 jem
669 1578 779 1637 moenia
795 1585 920 1657 surgunt
934 1581 941 1635 l

239 1673 360 1733 AEueas
374 1674 414 1732 ait
428 1693 436 1743 3
460 1683 490 1732 et
505 1674 627 1751 fastigia
639 1672 764 1749 suspicit
778 1673 870 1731 urbis.

231 1765 334 1825 ‘Infert
347 1785 380 1825 se
395 1775 497 1845 septus
510 1763 633 1839 nebulai,
650 1765 802 1844 (mirabile
815 1766 896 1825 dictu
912 1766 934 1843 l)

240 1860 301 1920 Per
313 1860 438 1932 medios,
452 1861 618 1937 miscetque
632 1860 727 1929 viris3
750 1879 849 1937 neque
863 1862 997 1919 cernitur
1010 1860 1072 1922 ulli.

277 1954 384 2013 Lucus
397 1954 428 2013 in
441 1957 516 2014 urbe
530 1955 585 2013 luit
599 1953 708 2026 mediis,
724 1954 895 2013 laetissimus
909 1956 1033 2027 umbras,

242 2048 311 2116 Quo
325 2048 463 2126 primitur,
481 2048 589 2124 jactati
603 2048 690 2109 undis
703 2057 733 2106 et
747 2049 877 2120 turbine,
893 2048 982 2108 Posui

240 2140 383 2203 Effudere
397 2143 465 2202 loco
476 2143 606 2222 signum,
623 2142 702 2219 quod
715 2143 802 2221 regia
815 2144 896 2203 Juno

240 2236 437 2309 Monstrdrst,
453 2247 543 2314 caput
557 2238 636 2295 aeris
650 2237 722 2315 equi
735 2256 742 2307 3
766 2237 811 2295 eie
826 2258 893 2296 narn
908 2238 1065 2297 saraballo
1117 2270 1125 2295 ι

240 2330 407 2410 Egregium
419 2340 450 2389 et
464 2331 583 2389 facilem
597 2332 678 2389 victu
693 2350 747 2409 per
760 2332 873 2391 saecula
888 2341 1018 2409 gentem.

241 2424 305 2484 Hie
317 2425 460 2503 templum
471 2424 585 2484 Junoni
598 2425 706 2505 ingens
719 2423 842 2483 Sidonia
854 2424 935 2482 Dido

242 2516 411 2588 Condebat,
424 2518 511 2576 donis
529 2519 702 2595 opulentum
716 2526 746 2575 et
759 2518 881 2576 numine
895 2519 971 2577 divae
985 2535 993 2588 3

241 2611 341 2671 AErea
354 2612 404 2670 eui
417 2612 563 2691 gradibus
576 2613 742 2689 surgebant
754 2612 866 2681 limina,
883 2630 1028 2688 nexaeque

240 2705 321 2764 AEre
334 2705 446 2777 trabes,
462 2706 576 2765 foribus
589 2706 683 2764 cardo
696 2706 842 2764 stridebat
857 2705 970 2765 ahenis.

241 2798 312 2859 Hae
326 2800 452 2877 primum
465 2800 495 2858 iu
509 2801 578 2859 luco
592 2817 670 2858 nova
683 2818 733 2858 res
746 2800 848 2857 oblata
862 2800 998 2857 timorem

241 2893 341 2953 Leniit
356 2914 364 2951 :
387 2894 437 2953 bie
451 2894 578 2971 primirm
593 2892 709 2952 AEneas
723 2912 845 2971 sperare
860 2894 988 2952 salutem

241 2989 354 3060 Ausus,
371 2996 400 3047 et
414 2988 535 3047 afflictis
548 2988 655 3047 melius
668 2988 820 3047 confidere
835 2990 935 3047 rebus.

241 3081 392 3159 Namque,
409 3084 465 3141 sub
479 3082 593 3161 ingenti
606 3082 713 3140 lustrat
727 3081 795 3140 dum
811 3082 929 3159 singula
941 3081 1062 3159 templo,

241 3174 394 3254 Reginam
407 3176 575 3254 opperiens,
591 3174 671 3247 dum,
688 3194 755 3252 qua
770 3174 889 3234 fortuna
906 3176 943 3235 sit
958 3175 1034 3247 urbi,

241 3270 459 3346 Artificumque
473 3289 579 3328 manus
593 3269 670 3328 inter
682 3290 727 3341 se,
743 3288 927 3347 operumque
941 3270 1075 3328 laborem
1174 3268 1233 3327 455

241 3362 383 3434 Miratur,
398 3363 478 3421 videt
489 3363 604 3437 Jliacss
617 3382 654 3421 ex
669 3362 772 3421 ordine
788 3382 914 3441 pugnas,

240 3458 388 3536 Bellaque
406 3459 467 3534 jam
482 3457 562 3518 lamia
574 3467 669 3517 totum
685 3461 806 3537 vulgata
820 3478 874 3536 per
888 3460 990 3517 orbem
1003 3478 1011 3528 ;

240 3552 375 3625 Atridas,
391 3552 615 3630 Priamumque,
631 3562 662 3611 et
675 3573 786 3613 saevum
807 3554 951 3611 ambobus
965 3552 1123 3612 Achillem.

241 3646 406 3716 Constitit3
430 3656 460 3705 et
474 3647 654 3724 lacrymans,
671 3647 750 3714 Quis
767 3648 830 3723 jam
844 3648 939 3717 locus,
956 3647 1061 3724 inquit,
1076 3646 1206 3718 Aobate,

240 3741 322 3810 Quae
335 3742 568 3821 regiointerris
582 3746 676 3802 nostri
690 3764 747 3802 non
763 3744 852 3821 plena
865 3742 1002 3801 laboris?
1175 3742 1235 3801 460

239 3835 291 3895 En
303 3836 464 3897 Priamus!
506 3839 582 3897 Sunt
595 3837 645 3897 hie
660 3840 749 3896 etiam
763 3858 820 3903 sua
835 3837 956 3914 praemia
970 3836 1061 3909 laudi,

130 3964 146 3978 ‚.
193 3981 217 4009 x
241 3932 318 3990 Sunt
332 3932 473 4010 lacrymae
487 3952 599 4005 rerum,
615 3942 646 3993 et
660 3943 788 3992 mentem
802 3933 939 3991 mortalia
951 3906 1120 4021 tangunt.)

240 4027 333 4085 Solve
346 4037 443 4087 metus
456 4047 465 4099 ;
488 4029 564 4088 seret
578 4030 644 4089 hren
657 4030 789 4107 aliquam
802 4030 855 4088 tibi
869 4028 948 4087 fama
961 4028 1097 4090 salutem.

239 4123 294 4182 Sin
308 4122 359 4195 ait,
376 4132 467 4201 atque
482 4126 612 4183 animm
626 4124 745 4204 pieturd
758 4124 855 4203 pascit
868 4126 960 4199 inani,

236 4212 340 4276 Multa
353 4237 489 4296 gemens,
505 4220 651 4299 largoque
671 4220 824 4278 bumeetat
838 4218 957 4278 flumine
972 4220 1094 4282 vultum.
1176 4220 1236 4280 465

236 4308 383 4389 Namque
397 4312 529 4386 ridebat,
547 4314 591 4373 uti
604 4314 752 4373 bellantes
765 4313 916 4393 Pergama
930 4314 1045 4374 aueum

522 4412 567 4468 9*
