3167 5234
536 550 731 600 uticenci.
770 553 850 601 ECL.
869 553 901 602 Χ.

224 689 325 764 Certi,
342 690 405 751 sive
422 690 494 750 mibi
505 689 631 768 Phyllis,
647 691 710 750 sive
724 699 805 751 esset
818 693 975 769 Amyntas,

224 785 284 844 Seu
300 785 481 863 quicumque
495 784 578 842 furor
592 782 678 861 (quid
691 793 764 857 tum,
779 786 807 843 si
820 785 924 845 fuscus
938 785 1085 862 Amyntas
1100 781 1112 842 t

223 877 264 938 Et
276 877 372 957 nigrae
387 877 566 950 violarunt,
583 887 613 937 et
632 878 769 938 vaccinia
782 878 898 958 nigra),

223 971 344 1032 Mecum
358 970 438 1030 inter
451 971 561 1030 salices
574 969 657 1030 lenti
671 973 726 1030 sub
741 973 801 1030 vite
811 972 929 1049 jacaici
943 991 951 1030 τ

224 1065 313 1124 Serta
325 1063 398 1123 mibi
410 1063 526 1142 Phyllis
544 1066 670 1144 legeret,
687 1073 824 1125 cantaret
836 1067 992 1144 Anyntas.

224 1157 288 1218 Hic
300 1157 393 1237 gelidi
406 1158 512 1230 fontes,
530 1157 579 1218 bie
593 1158 694 1218 mollia
707 1169 804 1238 prata,
819 1159 933 1236 Lyconi
945 1179 955 1230 3

224 1251 288 1312 Hic
302 1272 408 1312 nemus
423 1271 432 1322 ;
455 1251 505 1314 hic
518 1253 583 1330 ipso
596 1261 697 1312 tecum
719 1272 913 1313 consumerer
926 1271 1002 1312 aevo.

262 1349 354 1408 Nunc
368 1350 492 1408 insanus
506 1367 589 1408 amor
602 1348 670 1408 duri
684 1355 714 1407 te
728 1348 838 1408 Martis
850 1349 882 1407 in
896 1348 987 1407 armis

224 1441 302 1502 Tele
315 1441 393 1502 inter
408 1442 507 1501 media
520 1449 610 1519 atque
625 1441 767 1500 adversos
781 1441 894 1500 detinet
907 1442 1009 1500 hostes
1024 1460 1033 1510 3

225 1535 284 1608 Tu,
300 1535 406 1614 procul
419 1553 437 1593 a
451 1534 558 1613 patrib,
575 1536 646 1612 (neo
660 1535 697 1593 sit
710 1535 780 1594 mibi
794 1533 920 1594 credere
933 1541 1049 1594 tantum
1062 1529 1085 1610 l)

226 1629 362 1707 Alpinas,
378 1629 418 1688 ab
431 1628 506 1687 dura
522 1631 528 1686 !
550 1629 635 1688 nives
648 1635 678 1686 et
693 1627 807 1706 frigora
819 1627 921 1686 Rheni

226 1721 278 1781 Ma
292 1722 358 1782 sine
372 1723 437 1782 sola
449 1721 542 1782 vides.
584 1721 633 1782 Ah
649 1723 655 1781 l
676 1730 706 1781 te
724 1741 762 1780 ne
777 1722 892 1800 frigora
905 1721 1015 1781 laedant
1030 1723 1038 1780 Ι

227 1815 275 1875 Ab
290 1817 297 1874 !
317 1816 373 1875 tibi
385 1835 424 1876 ne
437 1823 558 1874 teneras
572 1815 688 1895 glacies
702 1823 785 1875 secet
800 1834 908 1892 aspera
921 1815 1038 1894 plantas
1053 1817 1060 1874 l

265 1907 328 1986 Ibo,
344 1917 385 1982 et,
401 1907 579 1969 Chalcidico
593 1927 660 1986 quae
675 1916 743 1968 sunt
757 1908 828 1967 mihi
842 1908 963 1966 condita
974 1925 1064 1968 versu

228 2003 383 2076 Carmina,
399 2003 528 2081 pastoris
544 2003 637 2062 Siculi
651 2001 826 2062 modulabor
841 2000 947 2061 aveni.

229 2095 354 2158 Certum
367 2104 413 2156 est
427 2097 458 2156 in
470 2097 563 2168 silvia,
579 2097 656 2154 inter
670 2097 782 2174 spelaea
795 2097 927 2155 ferarum

229 2191 326 2252 Malle
340 2192 412 2271 pati,
426 2193 599 2270 tenerisque
613 2211 695 2252 meos
710 2192 843 2252 incidere
857 2211 976 2251 amores

230 2285 417 2346 Arboribus:
440 2294 577 2345 crescent
592 2286 650 2346 illae
666 2305 674 2357 ;
698 2285 854 2357 crescetis,
871 2304 998 2345 amores.

229 2381 350 2441 interea
363 2383 462 2442 mixtis
475 2383 611 2442 lustrabo
624 2382 757 2442 Maenala
771 2381 929 2460 Nymphis,

227 2476 289 2535 Aut
303 2495 391 2536 acres
404 2478 537 2536 venabor
552 2495 641 2554 apros
656 2496 664 2546 3
687 2495 747 2534 non
760 2495 809 2534 me
823 2476 886 2534 ulla
899 2476 1042 2534 vetabunt

228 2569 358 2649 Frigora
369 2569 549 2629 Parthenios
564 2570 689 2630 canibus
702 2568 890 2628 circumdare
904 2569 1012 2628 saltus.

228 2663 298 2722 Jcm
311 2659 385 2723 mihi¹
395 2683 449 2741 per
462 2683 553 2740 rupes
567 2663 671 2722 videor
684 2663 829 2739 lucosque
843 2669 986 2721 sonantes

229 2757 278 2817 Ire
293 2778 302 2829 ;
325 2758 398 2818 libet
410 2757 523 2817 Pnrtbo
537 2765 678 2834 torquere
693 2756 834 2834 Cydonia
848 2776 943 2815 cornu

230 2851 359 2930 Spicula
401 2851 558 2928 Tanquam
573 2851 637 2910 hmo
652 2851 710 2909 aiut
729 2851 823 2909 nostri
837 2849 985 2908 medicina
999 2847 1119 2922 furoris,

228 2942 291 3003 Aut
305 2943 380 3003 dens
392 2944 443 3003 ille
457 2944 543 3002 malis
558 2943 709 3002 hominum
724 2944 882 3002 mitescere
895 2942 992 3000 discat
1007 2943 1014 3001 !

228 3036 297 3096 Jam
310 3057 408 3114 neque
422 3037 654 3114 Hamadryades
670 3055 785 3096 rursum
799 3056 857 3096 nec
870 3037 1005 3095 carmina
1018 3035 1105 3095 nobis

229 3129 300 3209 lpse
313 3132 433 3208 placent
449 3151 457 3201 ;
480 3132 563 3209 ipsae,
579 3149 699 3188 rursum
713 3131 880 3203 concedite,
896 3130 989 3189 silvae.

228 3223 298 3284 Non
313 3225 394 3282 illum
408 3224 501 3282 nostri
514 3230 638 3302 possum
652 3231 765 3282 mutare
779 3220 901 3282 labores
915 3241 924 3292 ς

228 3315 259 3376 N
260 3335 296 3375 ec
309 3318 335 3375 si
349 3317 510 3396 frigoribus
523 3317 628 3376 mediis
642 3316 842 3393 Hebrumque
855 3317 1002 3388 bibamus,

229 3407 439 3487 Sithoniasque
453 3410 538 3468 nives
552 3410 658 3469 biemis
671 3413 833 3469 subeamus
848 3429 969 3487 aquosas
983 3429 992 3480 ;

229 3500 298 3562 Neo
310 3504 347 3576 si,
365 3521 455 3580 quum
469 3504 599 3562 moriens
614 3502 677 3562 alid
690 3504 765 3562 liber
779 3512 844 3562 aret
857 3503 888 3561 in
902 3504 993 3574 ulmo,

229 3595 408 3675 AEthiopum
421 3615 575 3656 versemus
589 3614 661 3655 oves
676 3596 730 3654 sub
745 3595 843 3654 sidere
858 3595 982 3655 Cereri.

230 3689 339 3749 Omnia
353 3691 445 3752 vincit
459 3693 552 3750 Amor
569 3711 576 3760 ;
600 3699 631 3749 et
645 3710 700 3748 noa
715 3691 859 3749 cedamus
870 3689 1011 3748 Amori.”

269 3783 349 3842 Haec
364 3792 409 3844 set
423 3785 490 3858 erit,
506 3784 592 3855 divae,
608 3791 740 3842 vestrum
754 3783 902 3841 cecinisse
916 3783 1044 3860 podiam,

229 3875 311 3936 Dum
327 3878 422 3949 sedet,
439 3885 468 3936 et
482 3878 588 3956 gracili
602 3877 746 3936 fiscellam
761 3877 835 3934 texit
848 3876 973 3946 hibisco,

230 3971 367 4031 Pierides
382 3991 390 4042 ;
414 3991 467 4032 voa
481 3973 547 4031 bueo
561 3973 679 4031 facietis
693 3973 821 4031 maxima
836 3971 927 4030 Gallo
942 3989 950 4028 ε

232 4063 332 4136 Gallo,
348 4065 434 4142 cujus
446 4085 530 4124 amor
542 4066 657 4124 tantum
672 4065 742 4125 mihi
756 4064 866 4123 crescit
881 4064 911 4122 in
924 4066 1025 4138 boras,

233 4156 386 4224 Quantum
399 4178 470 4218 vere
484 4178 562 4218 novo
577 4159 678 4218 viridis
692 4177 725 4218 se
740 4159 860 4234 subjicit
875 4160 968 4217 alnus.

272 4252 437 4330 Surgamus
451 4271 459 4309 ε
482 4253 558 4310 solet
572 4271 640 4310 esse
654 4253 757 4331 gravis
771 4254 961 4311 cantantibus
974 4254 1081 4312 umbra
1096 4271 1105 4323 3
1184 4253 1224 4309 '15

231 4345 368 4423 Juuiperi
382 4346 484 4426 gravis
498 4347 603 4404 umbra
620 4365 627 4415 3
652 4353 760 4412 nocent
774 4355 805 4403 et
818 4347 955 4425 frugibus
968 4348 1090 4406 umbrae.

234 4437 278 4498 lta
292 4439 422 4514 domum,
439 4447 561 4512 saturae,
578 4439 659 4498 venit
673 4439 843 4516 Hesperus,
860 4441 912 4560 ἦξε,
927 4439 1063 4519 capellas.
