3167 5234
545 584 717 633 manthos
737 584 809 633 utu.
823 576 869 634 IX.
1146 596 1204 653 259

214 726 312 787 Terra
321 725 440 803 torique
450 725 579 785 madent.
608 725 675 784 Nec
685 744 744 784 non
754 726 988 803 Lamyrumque,
1002 726 1200 805 Lamumque,

214 820 256 880 Et
265 822 405 899 juvenem
421 821 593 890 Sarranum,
610 820 659 877 illd
675 821 725 896 qui
739 821 865 898 plurima
879 828 967 879 nocte
1142 822 1202 883 385

212 915 354 985 Luserat,
369 914 495 992 insignis
509 913 596 984 fecie,
612 914 765 989 multoque
775 912 903 989 jacebat

213 1008 356 1067 Membra
369 1008 425 1066 deo
439 1008 559 1065 vietus?
579 1006 660 1079 felix,
676 1008 701 1064 si
716 1015 858 1084 protenus
877 1008 959 1066 illum

212 1100 383 1177 AEqudsset
397 1102 477 1160 nocti
491 1100 601 1172 ludum,
617 1100 648 1158 in
662 1101 819 1177 lucemque
834 1102 949 1159 tulisset
963 1104 970 1159 l

214 1196 364 1277 Impastus
377 1216 434 1255 cen
449 1197 537 1274 plena
551 1196 599 1254 leo
613 1216 667 1274 per
680 1196 770 1255 ovilia
783 1200 917 1270 turbans,

213 1290 326 1348 Suadet
341 1291 419 1348 enIm
434 1310 548 1348 vesana
562 1290 667 1361 sames,
682 1291 854 1367 manditque
874 1292 1024 1367 trahitque
1143 1294 1203 1353 340

212 1382 304 1441 Molle
320 1403 422 1460 pecus,
439 1393 612 1460 mutumque
626 1393 705 1442 metu
722 1404 730 1453 ;
753 1384 852 1442 sremit
866 1404 918 1443 ore
933 1394 1067 1445 cruento.

213 1476 279 1535 Nec
294 1478 389 1534 minor
401 1476 528 1553 Euryali
542 1477 643 1535 caedes
657 1496 665 1534 t
687 1479 829 1536 incensus
843 1488 872 1536 et
887 1479 949 1555 ipse

214 1567 355 1641 Persorit,
372 1589 408 1628 ae
422 1571 544 1628 multam
557 1571 587 1628 in
602 1570 700 1628 medio
713 1571 777 1628 sine
792 1572 910 1629 nomine
930 1574 1056 1649 plebem,

211 1662 400 1739 Fadumque,
419 1662 653 1739 Herbesumque
666 1664 756 1734 subit,
772 1664 987 1741 Rhoetumque,
1003 1664 1199 1742 Abarimque,

213 1754 341 1834 ignaros
357 1774 365 1824 ;
388 1756 532 1814 Rhoetum
546 1757 719 1834 vigilantem
732 1765 763 1815 et
776 1765 887 1815 cuncta
901 1757 1061 1830 videntem,
1142 1758 1201 1817 345

214 1850 271 1907 Sed
284 1868 426 1928 magnum
441 1859 576 1908 metuens
590 1870 623 1908 se
638 1858 703 1928 post
717 1859 837 1909 cratera
855 1853 976 1929 tegebat
991 1870 1000 1922 ;

211 1942 340 2001 Pectore
354 1944 384 2001 in
398 1943 524 2001 adverso
538 1952 631 2001 totum
645 1944 695 2001 coi
708 1944 873 2002 comminus
892 1964 995 2003 ensem

213 2033 354 2094 Condidit
369 2038 548 2115 assurgenti,
564 2046 593 2094 et
607 2028 702 2095 multi
715 2047 809 2095 morte
824 2039 947 2115 recepit.

213 2126 399 2206 Purpuream
414 2130 502 2187 vomit
517 2129 566 2187 ille
581 2132 719 2202 animam,
735 2140 764 2188 et
779 2150 848 2188 cum
862 2132 1009 2209 sanguine
1029 2132 1122 2191 mim

211 2220 290 2279 Vina
305 2222 397 2280 refert
411 2222 541 2280 moriens
555 2240 562 2279 τ
585 2224 634 2281 hic
649 2224 727 2281 furto
741 2224 872 2282 fervidus
887 2224 985 2283 instat.
1140 2224 1201 2283 ³50

211 2314 339 2391 Jamque
355 2316 392 2373 ad
406 2314 540 2393 Messapi
555 2317 652 2374 socios
665 2317 817 2387 tendebat,
834 2318 885 2375 ubi
903 2318 1002 2395 ignem

212 2406 353 2466 Deficere
367 2416 543 2481 extremum,
559 2418 588 2467 et
602 2410 745 2487 religatos
759 2410 815 2467 rite
830 2410 949 2468 videbat

154 2548 161 2555 .
212 2500 348 2579 Carpere
362 2521 486 2580 gramen
501 2522 595 2579 equos
611 2523 619 2574 ;
644 2505 773 2561 breviter
787 2523 877 2580 quum
892 2504 965 2561 talia
978 2504 1083 2577 Nisus,
1101 2550 1103 2557 .

213 2594 325 2671 (Sensit
338 2596 418 2653 enim
432 2594 523 2655 nimici
536 2597 619 2655 crede
634 2606 724 2673 atque
738 2596 876 2674 cupidine
892 2596 991 2675 serri,)

211 2689 407 2760 Absistemus,
425 2690 465 2748 ait
482 2710 490 2759 ς
514 2710 582 2748 nam
597 2692 646 2748 lux
661 2692 781 2749 inimica
795 2692 981 2769 propInquat.
1139 2692 1198 2751 355

211 2782 372 2841 Poenarum
386 2784 562 2842 exhaustum
576 2784 650 2843 satis
663 2794 708 2843 est
724 2804 732 2855 3
756 2786 806 2842 via
820 2784 901 2843 sacta
914 2804 967 2861 per
980 2786 1090 2846 hostes.

210 2876 308 2934 Multa
321 2874 417 2935 virrim
430 2878 525 2935 solido
538 2887 663 2957 argento
677 2879 811 2956 perfecta
823 2878 993 2955 reIInquunt

211 2970 374 3046 Armaque,
390 2978 585 3047 craterasque
599 2972 696 3042 simul,
713 2971 913 3048 pulchrosque
931 2980 1057 3050 tapetas.

211 3061 363 3139 Euryalus
377 3063 516 3140 phaleras
529 3064 708 3122 Rhamnetis
721 3073 751 3121 et
765 3083 859 3121 aurea
874 3064 962 3123 bullis

213 3154 355 3237 Cingula,
371 3156 490 3213 Tiburti
503 3156 633 3215 Remulo
646 3148 808 3215 ditissimus
822 3158 890 3217 olim
1139 3162 1199 3221 ³60

213 3247 289 3315 Qus
303 3249 389 3307 mittit
403 3250 491 3321 doua,
507 3250 634 3327 hospitio
649 3270 739 3327 quum
748 3253 891 3330 jungeret
906 3254 1025 3324 absens,

170 3347 173 3357 '
212 3340 353 3400 Caedicus
366 3362 372 3400 :
396 3342 445 3400 ille
459 3363 514 3402 suo
528 3345 658 3402 moriens
671 3344 721 3402 dat
735 3346 847 3403 babere
862 3346 981 3423 nepoti:

211 3433 282 3492 Post
296 3443 421 3493 mortem
435 3436 514 3494 bello
527 3437 632 3495 Rutuli
647 3437 808 3517 pugnisque
823 3440 905 3516 potiti
921 3458 928 3495 :

211 3528 290 3587 Haee
304 3530 390 3607 rapit,
407 3538 496 3607 atque
509 3532 641 3589 humeris
655 3533 855 3609 nequidquam
870 3532 994 3591 sortibus
1008 3539 1098 3610 aptat.

210 3620 288 3679 Tum
301 3623 420 3703 galeam
434 3624 567 3703 Messapi
581 3625 709 3683 habilem
724 3627 883 3703 cristisque
898 3627 1038 3685 decoram
1136 3630 1195 3687 ³65

210 3712 319 3773 Induit.
362 3716 519 3775 Excedunt
534 3719 651 3790 eastris,
668 3729 697 3777 et
711 3728 775 3777 tuta
789 3728 959 3798 capessunt.

248 3806 370 3867 Interea
384 3812 527 3888 praemissi
541 3812 657 3888 equites
671 3832 709 3870 ex
725 3816 799 3870 urbe
814 3811 935 3885 Latine,

210 3901 333 3962 Cretera
347 3902 416 3962 dum
429 3904 509 3983 legio
523 3907 636 3982 campis
650 3906 796 3964 instructa
814 3915 956 3979 moratur,

210 3995 307 4068 Ibant,
324 4004 354 4054 et
367 3996 472 4055 Turno
486 3998 568 4075 regis
581 4018 726 4076 responsa
740 4000 885 4079 ferebant,

209 4088 403 4162 Tercentum,
418 4091 528 4149 scutati
542 4110 654 4164 omnes,
669 4092 833 4150 Volseente
848 4093 1000 4172 magistro.
1135 4098 1194 4156 ³70

207 4180 336 4258 Jamque
351 4184 587 4262 propinquabant
602 4186 719 4258 castus,
736 4206 895 4263 murosque
910 4188 1058 4261 subibant,

209 4275 310 4342 Quum
324 4278 428 4353 procul
442 4278 497 4337 hos
511 4280 586 4337 laevo
601 4280 754 4337 flectentes
767 4280 858 4337 limite
873 4288 999 4340 cernunt
1015 4303 1023 4352 ;

207 4367 248 4426 Et
261 4368 353 4447 galea
365 4370 533 4448 Euryalum
546 4372 688 4432 sublustri
700 4374 797 4433 noctis
811 4373 840 4431 in
855 4372 961 4432 umbri
