3167 5234
383 555 438 614 190
678 547 705 593 P.
720 545 883 593 viamen
901 545 1071 594 MARORIS

379 688 443 748 Hic
457 706 514 767 ego
528 705 656 762 namque
669 694 737 744 tuas
750 695 858 757 aenea,
875 703 1046 761 uenaeque
1065 683 1127 744 iata

330 841 338 850 ,
378 783 471 842 Dicta
490 780 669 858 nongenti,
687 797 804 856 ponam,
819 777 974 856 lectosque
988 779 1126 849 notabo,

378 879 476 950 Alma,
493 877 581 934 viros.
622 875 715 934 Foliis
730 874 845 932 tautirna
863 893 902 933 ne
916 875 1052 934 carmina
1064 871 1194 942 manda3

379 971 408 1031 N
410 991 427 1029 e
441 972 561 1029 turbata
575 969 673 1028 volent
688 967 799 1045 rapidis
817 967 945 1026 ludibria
957 968 1052 1026 uentis
1067 985 1075 1023 t

379 1064 450 1144 Ipaa
464 1083 566 1136 cauas,
579 1083 641 1122 oro.
682 1061 789 1122 Finem
803 1062 883 1120 dedit
897 1080 949 1120 ore
962 1059 1112 1138 loquendi.

418 1158 468 1228 At,
482 1157 590 1217 Phoebi
608 1151 736 1214 nondum
751 1155 878 1231 patiens,
894 1155 1030 1215 immania
1042 1155 1073 1212 in
1086 1160 1173 1210 antro

377 1249 548 1310 Bacchatur
562 1256 656 1319 vates,
672 1265 812 1324 magnum
825 1247 852 1305 ai
871 1257 991 1324 pectore
1006 1246 1097 1324 poaait

378 1342 557 1403 Excussisse
572 1342 659 1400 deum
673 1360 680 1398 z
703 1340 785 1399 tantb
799 1341 896 1420 magia
909 1341 960 1398 ille
973 1339 1079 1418 fatigat

378 1436 422 1496 os
436 1436 580 1506 rabidum,
597 1437 661 1493 sera
674 1435 766 1492 corda
779 1434 913 1506 domans,
930 1435 1074 1512 fingitque
1088 1433 1257 1512 premendo.

378 1530 464 1590 Ostia
480 1529 602 1605 jamque
616 1525 720 1586 demtis
733 1527 857 1605 patuere
870 1529 1003 1605 iugentia
1017 1536 1136 1585 centnm

379 1623 490 1700 Sponte
503 1620 569 1692 suia,
586 1621 722 1697 vatisque
736 1621 835 1680 serunt
849 1639 994 1698 respousa
1007 1639 1060 1697 per
1073 1639 1164 1678 auras
1178 1639 1186 1677 ι

378 1714 538 1775 Otandern
555 1714 671 1790 maguis
685 1713 784 1790 pelagi
798 1713 938 1770 defuncte
952 1714 1072 1790 periclis
1089 1717 1096 1771 l

379 1807 438 1866 Sed
452 1803 535 1864 terri
548 1806 687 1884 graviora
700 1813 830 1864 manent.
872 1805 909 1863 Ιιι
922 1825 1017 1884 regna
1031 1805 1140 1864 Lavini

378 1897 559 1961 Dardanidae
574 1899 714 1967 venient3
739 1899 821 1956 mitte
835 1899 912 1956 hanc
926 1898 963 1958 de
979 1907 1100 1976 pectore
1114 1915 1218 1958 curam
1232 1917 1242 1970 3

379 1994 438 2054 Sed
452 2012 510 2052 uon
524 2000 553 2051 et
568 1991 685 2050 venisse
699 1991 808 2050 volent.
849 1991 946 2063 Bella,
964 1991 1084 2050 horrida
1096 1992 1188 2065 bella,

377 2087 419 2146 Et
432 2086 558 2162 Tybrim
570 2086 662 2144 multo
677 2092 863 2163 spumantem
876 2085 1023 2164 sanguiue
1036 2103 1138 2145 cerno.

378 2181 407 2241 N
410 2200 448 2240 on
465 2181 573 2238 Simois
586 2179 649 2250 tibi,
666 2198 724 2238 uec
738 2179 888 2251 Xanthus,
904 2199 961 2238 nec
975 2180 1091 2238 Dorica
1104 2187 1214 2252 castra,

377 2274 560 2333 Defuerint:
585 2273 661 2331 alius
673 2271 763 2332 Latio
779 2273 842 2349 jam
864 2281 966 2350 partus
979 2273 1124 2344 Achillas,

377 2367 476 2428 Natus
490 2375 519 2425 et
534 2367 597 2444 ipse
611 2363 669 2426 det
684 2383 692 2434 ;
716 2385 772 2423 nec
786 2366 916 2425 Teneris
934 2366 1034 2424 addita
1046 2366 1127 2424 Juno

376 2459 510 2537 Usquam
524 2459 629 2518 aberit.
672 2455 773 2530 Quum
786 2466 819 2516 tu
833 2460 967 2537 supplex,
984 2460 1014 2517 in
1028 2461 1119 2518 rebus
1131 2459 1247 2538 egeria,

379 2552 464 2620 Quas
477 2561 583 2631 gentes
598 2548 716 2621 ltalrim,
734 2559 783 2609 aut
798 2571 874 2628 quas
887 2571 946 2610 uon
961 2553 1095 2610 oraveris
1109 2553 1200 2611 urbas
1215 2555 1223 2611 l

379 2645 482 2706 Causa
496 2645 564 2703 mali
578 2645 652 2703 tanti
667 2645 777 2720 conjux
790 2646 907 2718 iterum,
923 2646 1041 2724 hospita
1053 2646 1192 2718 Teucria,

377 2740 562 2815 Extarnique
577 2738 684 2796 iterum
698 2737 829 2796 thalami.

376 2831 436 2905 Tu,
453 2851 490 2890 ne
505 2831 578 2889 cede
593 2831 679 2888 malis
695 2849 703 2899 ;
726 2830 779 2891 sed
793 2832 901 2888 contra
913 2831 1070 2898 audentior
1082 2832 1135 2905 ito,
1240 2858 1243 2864 ¹

378 2923 450 2992 Qut
463 2933 515 2982 tua
529 2931 558 2982 ta
571 2923 706 2981 Fortuna
721 2923 807 2981 siuet.
850 2922 911 2981 Via
925 2924 1020 3001 prima
1033 2925 1149 2997 salutis,
1175 2912 1177 2915 ¹

378 3016 467 3085 Quod
482 3014 598 3074 minime
613 3015 698 3087 reris,
716 3013 814 3074 Graii
828 3013 974 3093 pandetur
987 3019 1025 3076 ab
1040 3020 1124 3078 urbe.

321 3162 327 3183 f
342 3135 368 3158 κ
384 3137 386 3144 ·
416 3109 541 3168 Talibus
556 3127 594 3166 ex
607 3107 696 3185 adyto
711 3108 798 3167 dictis
814 3107 939 3169 Cumaea
954 3111 1067 3188 Sibylla

377 3202 553 3265 Horrendus
567 3202 648 3260 canit
667 3203 821 3280 ambages,
840 3214 984 3280 antroque
997 3204 1136 3283 remugit,

317 3282 322 3303 ‘
376 3296 522 3356 Obscuris
537 3316 608 3354 vera
622 3295 796 3354 involvens:
818 3315 856 3355 ea
870 3296 1085 3356 froenat'urenti
1305 3299 1362 3359 100

377 3390 530 3462 Concutit,
547 3400 576 3448 et
591 3390 725 3448 stimulos
738 3389 793 3448 auh
807 3399 930 3467 pectore
943 3391 1042 3461 vertit,
1057 3391 1177 3468 Apollo.
1403 3383 1407 3388 ’

375 3483 416 3542 Ut
430 3483 555 3560 primiun
569 3483 660 3540 cessit
677 3482 768 3552 furor,
785 3491 814 3540 et
830 3482 933 3540 rabida
946 3502 999 3541 ora
1013 3480 1163 3559 quierunt,

377 3576 484 3654 Incipit
498 3575 617 3635 AEneaa
634 3575 744 3633 heros.
766 3575 796 3633 N
797 3595 836 3633 on
850 3575 912 3633 ulla
924 3576 1070 3647 laborum,

376 3671 513 3748 Ovirgo,
528 3687 606 3728 nova
620 3687 660 3726 un
649 3666 790 3726 iacies'
783 3670 939 3745 inopinave
953 3669 1056 3747 surgit.

326 3792 330 3801 ¹
375 3765 483 3824 Omnia
498 3762 637 3841 precepi,
655 3771 744 3838 atque
760 3762 858 3819 animo
873 3781 988 3821 mecum
1002 3763 1359 3844 anteperegi.105

375 3857 474 3917 Unum
487 3875 560 3916 oro:
584 3854 702 3931 quando
716 3855 767 3912 hio
785 3855 920 3913 inferni
908 3873 1003 3931 Janua
1015 3859 1097 3935 regie

375 3951 505 4021 Dicitur,
522 3957 551 4006 et
564 3950 725 4007 tenebrosa
739 3949 824 4026 palua
838 3944 1010 4008 Acheronte
1023 3950 1134 4023 refuso,

376 4043 426 4103 Ire
437 4043 479 4100 'ad
493 4052 683 4120 conspectum
699 4044 763 4101 cari
778 4044 923 4121 genitoris
936 4053 966 4102 et
980 4065 1035 4103 ora

377 4136 538 4214 Contingat
552 4155 560 4205 ;
584 4135 695 4194 doceas
710 4136 775 4208 iter,
791 4145 821 4194 et
835 4156 925 4195 sacra
937 4139 1014 4196 oatia
1027 4138 1149 4215 pandas.

376 4227 463 4287 Illum
478 4247 535 4305 ego
550 4247 602 4304 per
616 4228 750 4286 flammas
765 4237 795 4287 et
808 4231 889 4288 mille
903 4232 1059 4307 sequentia
1072 4232 1133 4290 tela
1302 4235 1360 4292 110

241 4327 249 4338 “
374 4320 482 4400 Eripui
494 4319 540 4378 hia
553 4321 693 4393 humeris,
709 4321 866 4399 medioque
880 4343 919 4382 ex
933 4325 1018 4383 hoste
1032 4325 1133 4403 recepi
1148 4345 1156 4397 3
