3167 5234
616 542 791 593 alternos
810 544 879 593 mx
894 546 914 595 1.

269 680 434 742 Ominrlm.
478 680 539 744 Sed
551 700 648 762 regna
659 684 736 762 Tyri
748 703 912 763 germanus
929 686 1060 749 habebat

270 776 456 855 Pygmalion,
473 777 590 837 scelere
603 786 674 837 ante
687 779 763 837 alica
775 779 933 839 immanior
945 800 1057 843 omnen.

271 868 355 937 Qooe
368 870 447 929 inter
460 870 575 929 medina
587 872 669 930 venit
682 872 785 931 soror:
807 874 857 932 ille
872 874 1031 951 Sychaeum

269 961 381 1041 Impiua
395 972 465 1023 ante
479 984 559 1037 arae,
574 973 665 1042 atque
678 967 745 1025 euri
757 986 860 1026 caecus
874 988 986 1041 amore,

270 1055 359 1117 Clam
371 1057 452 1116 ferro
465 1059 620 1119 incautum
631 1068 766 1138 cuperat,
780 1080 909 1121 aecnrue
922 1080 1057 1123 amorem

269 1150 430 1209 Germane
444 1171 452 1221 ;
475 1152 648 1229 lectumque
660 1152 712 1212 diu
725 1154 845 1227 celavit,
860 1166 890 1215 et
904 1175 1027 1235 egram,

269 1242 367 1303 Multa
380 1246 477 1303 malua
489 1247 644 1319 eimulane,
659 1248 738 1307 vani
750 1268 803 1327 epe
818 1249 888 1309 lucit
901 1259 1059 1311 amantem.

270 1326 340 1416 lpea
354 1338 407 1397 aed
422 1340 451 1397 in
465 1341 576 1399 comnia
591 1340 735 1401 inlrumati
747 1344 829 1403 venit
844 1344 943 1422 imago

269 1430 428 1511 conjugio,
444 1452 499 1492 ora
512 1434 607 1494 modia
620 1435 760 1495 attollens
773 1437 884 1515 pallida
897 1437 980 1497 miris
993 1456 1001 1509 3

272 1524 419 1586 Crudeles
433 1546 503 1586 arae
516 1528 703 1606 trajectoque
715 1539 841 1607 pectora
854 1531 934 1589 serto

271 1618 300 1677 N
303 1620 412 1692 udavit,
427 1640 602 1699 crocumque
616 1620 721 1681 domrix
734 1624 836 1683 ecelue
849 1644 936 1683 omne
951 1624 1067 1685 retexit.

269 1711 347 1771 Tum
360 1714 497 1772 celerare
511 1714 614 1793 lugam
627 1716 784 1793 patriique
798 1717 947 1777 excedere
961 1716 1078 1792 euadat,

269 1804 480 1884 Auxiliumque
493 1807 550 1867 rire
563 1816 683 1869 veterae
695 1810 803 1869 tellure
817 1809 944 1869 recludit

266 1896 453 1972 sseoauroa,
468 1900 603 1979 ignotum
615 1902 732 1979 argenti
745 1902 862 1979 pondua
875 1910 906 1961 et
920 1902 995 1963 aur-i.

268 1990 328 2050 Hie
342 2001 500 2065 commota.
516 1993 618 2071 sugam
630 1994 713 2054 Dido
725 1996 885 2072 aocioeque
901 1996 1034 2073 parabat.

271 2084 472 2158 Conveniunt,
489 2088 596 2164 quibua
609 2098 662 2147 cut
676 2089 776 2149 odium
793 2089 916 2148 crudele
930 2089 1060 2166 tyranni,

269 2178 330 2237 Aut
343 2188 440 2237 metue
454 2198 527 2241 acer
538 2188 626 2251 erat3
649 2200 754 2254 nanee,
770 2201 838 2259 quae
853 2183 928 2241 forte
943 2190 1066 2261 parator,

270 2271 453 2351 Cerrinium,
470 2285 655 2351 onerantque
668 2294 744 2337 anre
759 2295 768 2345 ς
791 2284 946 2354 portantur
960 2276 1045 2337 avari

268 2366 473 2445 Pygmalionis
486 2388 559 2446 opea
572 2369 699 2449 pelago:
721 2369 781 2429 dux
796 2371 918 2432 soernina
931 2370 1011 2431 facti.

268 2458 430 2520 Deveniue
443 2462 537 2534 locor,
553 2464 605 2523 ubi
618 2482 699 2523 nono
712 2464 846 2542 ingentia
858 2483 968 2523 oeruee

268 2551 393 2625 Moenia,
409 2563 642 2633 surgentemque
656 2575 742 2615 novoe
757 2556 953 2635 Carthaginis
967 2576 1069 2617 arcem
1083 2575 1090 2615 :

268 2644 457 2724 Mercatique
471 2648 578 2720 colum,
594 2648 667 2710 facti
680 2648 717 2708 de
732 2650 850 2707 nomine
864 2650 1002 2727 Byrsam,

268 2739 402 2799 Taurino
417 2742 559 2818 quantum
572 2751 694 2820 poeaent
708 2744 897 2803 circumdare
911 2750 1007 2823 tergo.

269 2834 328 2893 Sed
342 2854 396 2894 roe
410 2836 461 2913 qui
473 2836 605 2910 taudem,
622 2837 730 2913 quibua
743 2845 795 2897 aut
811 2837 933 2897 venietis
948 2840 986 2896 ab
1000 2836 1071 2911 orie,

270 2926 377 2994 Qudne
390 2930 499 2987 tenetis
512 2931 570 2987 iter
583 2930 594 2986 i
616 2930 775 2997 Quaerenti
786 2931 898 2989 tulibue
911 2931 961 2989 ille

270 3022 440 3099 Suspirana,
456 3023 574 3099 imoque
587 3025 711 3083 trulrene
724 3043 744 3081 a
755 3032 878 3101 pectore
892 3042 1018 3083 vocem:
1062 3078 1065 3083 .

306 3116 335 3175 0
348 3116 417 3188 dea,
432 3117 460 3175 ei
472 3115 569 3194 primia
580 3126 722 3195 repetens
735 3119 773 3175 ab
786 3117 902 3195 origine
917 3136 1051 3197 pergam,

266 3208 308 3269 Et
322 3219 412 3268 vacet
425 3211 549 3269 enodes
562 3220 731 3271 nostrornm
746 3210 849 3269 audire
863 3212 1010 3284 laborum,

265 3305 346 3365 Ante
360 3304 439 3362 diem
452 3304 557 3365 clauso
569 3314 727 3383 componet
739 3305 861 3383 Vesper
873 3306 1012 3382 Olympo.

267 3398 344 3468 Noe,
359 3396 455 3473 Troji
473 3396 607 3475 antiqui,
624 3398 651 3456 ei
664 3406 780 3457 vertrae
795 3398 870 3457 lortd
885 3416 939 3476 per
952 3416 1042 3457 auree

266 3489 370 3567 Trojoe
387 3509 495 3549 nomen
508 3491 552 3562 iit,
565 3490 688 3549 diversa
700 3510 754 3567 per
767 3510 891 3567 aequora
905 3498 1018 3563 vector,

267 3584 361 3642 Forte
375 3582 432 3643 eui
443 3584 567 3661 libycie
580 3592 742 3661 tempestae
756 3585 870 3661 appulit
883 3584 953 3645 orie.

268 3679 342 3736 Sum
355 3678 420 3755 piue
433 3678 565 3749 AEneaa,
580 3688 682 3755 raptor
696 3678 747 3755 qui
760 3697 799 3735 ex
813 3678 897 3736 hoste
910 3678 1042 3737 Penates

266 3770 377 3832 Clarae
391 3772 467 3829 veho
480 3790 608 3841 mum,
622 3770 702 3831 semi
714 3790 806 3849 nuper
820 3772 933 3829 aethera
946 3778 1044 3829 notue.

265 3856 385 3923 ltalianr
399 3884 502 3940 quaero
516 3865 653 3942 patriam,
668 3882 767 3943 genua
779 3866 819 3922 ab
832 3862 909 3923 Jove
924 3880 1047 3923 summo.

265 3956 318 4016 Bia
332 3957 417 4016 denia
429 3958 595 4036 Phrygium
607 3958 771 4017 conacendi
783 3956 911 4016 navibus
925 3974 1038 4031 aequor,
1070 3990 1072 3997 ‹

265 4048 365 4109 Matre
378 4050 439 4109 deri
450 4059 633 4111 monatrunte
648 4052 736 4122 viam,
751 4050 823 4109 data
837 4050 899 4109 sata
911 4058 1035 4109 eecutue
1048 4070 1057 4121 ;

265 4143 326 4202 Vix
338 4151 453 4221 reptem
465 4145 618 4205 convuleoe
632 4144 719 4203 undio
732 4145 877 4221 Euroque
890 4153 1060 4223 eupereunt

263 4236 335 4315 ipae
349 4238 479 4315 ignetur,
495 4258 601 4317 egene,
615 4238 721 4316 Libyae
734 4237 855 4296 decerta
869 4258 1007 4317 peragro,

265 4330 391 4408 Europa
403 4341 495 4409 atque
508 4332 588 4393 Arioi
600 4333 712 4411 polana.
752 4332 782 4391 N
783 4351 820 4391 ec
835 4333 920 4411 plora
936 4340 1110 4411 querentem

264 4424 362 4487 Perea
374 4428 488 4502 Venor,
503 4430 602 4489 medio
614 4430 659 4491 eic
673 4430 813 4490 interfata
825 4430 926 4488 dolore
941 4437 986 4489 eet
999 4448 1007 4489 ι

1117 4308 1121 4325 “
1196 4332 1255 4393 eoo
