3167 5234
354 535 430 594 ,Μ
663 525 877 574 armorui
898 525 1076 578 aaronis

370 669 412 730 Et
425 668 528 729 Furiis
541 667 673 746 egilum
686 685 780 738 amor,
796 675 829 726 et
840 668 968 726 concie
979 668 1086 727 virtu.

371 763 413 822 Ut
427 761 1204 842 primumdiecueeaeumbre,atlurefflannti,

371 857 523 917 Ardentes
536 857 692 916 oculorum
708 855 1076 916 mbceednoeaiatcn't
1308 861 1370 918 0¹10

371 953 535 1026 Turbidus,
551 971 629 1030 eque
643 952 717 1011 rotie
730 971 872 1032 maguam
883 953 1017 1030 respexit
1028 952 1069 1011 ed
1088 954 1203 1014 urta

411 1049 497 1108 Ecce
511 1056 621 1118 autem,
637 1046 764 1105 umm'u
777 1047 857 1105 iuer
868 1048 1005 1106 labaim
1021 1048 1142 1108 volutae

373 1143 422 1204 At
437 1143 548 1202 coelum
561 1141 692 1200 undabat
705 1149 822 1214 vortex,
837 1142 1005 1220 turrimque
1022 1143 1146 1202 tenebat
1158 1161 1168 1214 3

371 1237 504 1308 turrim,
520 1235 685 1314 compacti·
697 1235 835 1294 trabibus
848 1253 937 1313 qaam
949 1236 1098 1296 eduxerat
1109 1235 1185 1315 ipae,

373 1331 612 1408 Subdideratque
626 1338 720 1402 rotae,
736 1339 902 1407 pontesque
916 1330 1095 1389 iuetravem
1108 1331 1195 1390 altae.
1305 1333 1370 1390 616

371 1425 442 1486 Jam
457 1426 522 1502 jam
535 1424 607 1497 lata,
624 1443 720 1500 soror,
735 1432 879 1502 euperem
894 1443 903 1494 ;
926 1425 1039 1484 abeietc
1052 1423 1163 1483 morari
1176 1443 1186 1482 t

374 1517 444 1588 Qut
458 1519 543 1592 deun,
559 1529 590 1578 et
605 1517 664 1596 quit
678 1518 755 1576 dura
768 1525 858 1578 vocat
870 1518 1019 1592 Fortuna,
1034 1537 1206 1596 aequamur.

373 1615 438 1674 Stat
452 1614 590 1674 conterre
604 1633 724 1673 manum
738 1613 863 1686 illinere,
878 1623 938 1673 etat
952 1614 1096 1692 quidquid
1110 1613 1215 1674 acerbi
1227 1621 1276 1673 en

372 1707 472 1768 Morte
487 1709 571 1787 ppti;
594 1727 652 1768 nec
665 1725 714 1766 me
728 1707 912 1780 indecorem,
927 1727 1083 1787 germana,
1097 1707 1214 1768 videbis

371 1801 518 1880 Ampliiu.
560 1801 666 1874 Hunc,
682 1821 745 1874 oro,
762 1802 829 1859 eine
841 1821 891 1860 me
903 1801 1006 1860 furere
1023 1801 1094 1860 auti
1107 1801 1251 1862 furerem.
1307 1805 1371 1864 680

372 1894 468 1972 Dixit,
482 1903 513 1956 et
526 1915 544 1956 e
557 1915 650 1956 curru
663 1896 773 1954 saltum
786 1895 868 1954 dedit
880 1895 968 1955 ocius
984 1896 1066 1954 arria
1080 1913 1089 1952 z

371 1987 492 2067 Perque
507 1989 618 2062 hostes,
636 2009 690 2068 per
701 1990 764 2048 tela
776 1990 847 2062 ruit,
863 1998 1061 2067 mmetamque
1074 2007 1209 2050 aorem

372 2082 506 2156 Deserit,
523 2103 560 2142 ac
574 2084 679 2162 rapido
692 2101 784 2144 cursu
799 2083 899 2142 media
912 2085 1034 2163 agmina
1049 2084 1168 2164 rumpit.

371 2179 420 2238 Ac
434 2178 527 2236 veluti
540 2179 648 2238 montis
660 2197 766 2237 aarum
780 2177 818 2237 de
831 2179 946 2236 vertice
959 2197 1096 2258 praecepa

373 2271 473 2340 Quum
488 2271 557 2344 ruit,
574 2272 709 2331 avulsum
723 2279 824 2344 vento,
838 2291 894 2330 eeu
906 2272 1044 2330 turbidus
1056 2272 1153 2332 imber
1307 2273 1370 2333 080

371 2366 498 2440 Proluit,
514 2375 566 2427 aut
580 2367 666 2427 annia
681 2367 769 2426 solvit
782 2366 926 2445 sublapsa
938 2374 1073 2425 vetustae
1088 2385 1097 2436 ;

371 2461 483 2522 Fertur
495 2461 525 2520 in
540 2463 699 2540 abruptum
712 2479 822 2540 magno
835 2480 921 2522 moue
934 2461 1086 2539 improbua
1099 2470 1180 2534 actu,

371 2554 570 2634 Exaultetque
585 2556 659 2627 eolo,
676 2555 778 2628 silvae,
795 2563 940 2627 armenta,
957 2555 1109 2631 circoque,

372 2648 532 2708 involvens
545 2667 649 2708 aecum
662 2667 670 2706 ε
692 2649 818 2725 disjecta
832 2668 887 2726 per
899 2649 1019 2727 agmina
1032 2648 1156 2708 turnus

372 2744 422 2802 Sic
437 2743 519 2803 urbia
533 2743 592 2802 ruit
606 2743 644 2802 ad
658 2763 770 2816 murce,
787 2744 839 2802 ubi
852 2743 981 2820 plurima
994 2742 1061 2801 fuae
1310 2745 1370 2803 690

372 2838 526 2917 Sanguine
540 2846 624 2896 terra
637 2837 747 2909 madet,
763 2837 951 2913 striduntque
965 2837 1123 2896 haetilibua
1136 2854 1221 2896 aum
1236 2854 1245 2908 3

373 2923 588 3009 Significetque
603 2949 704 3003 manu,
720 2939 750 2990 et
764 2949 873 3010 magno
886 2931 976 2989 eimul
988 2929 1092 3008 incipit
1105 2949 1158 2988 ora
1171 2949 1180 2987 :

371 3009 492 3084 Parcite
508 3025 581 3101 jam,
597 3025 704 3084 Rutuli
721 3045 728 3094 ;
751 3031 782 3084 et
796 3045 860 3097 voe,
876 3026 939 3084 tela
951 3025 1094 3096 inhibete,
1109 3023 1234 3083 Latini:

373 3117 581 3196 Quaecumque
595 3127 640 3176 ert
654 3119 801 3190 Fortuna,
817 3137 886 3177 mea
899 3126 946 3177 eet
962 3138 970 3188 3
993 3137 1040 3176 me
1055 3119 1156 3176 verius
1169 3135 1263 3178 uuum

370 3211 431 3273 Pro
447 3214 530 3272 vobie
544 3213 642 3272 foedue
656 3213 751 3284 luere,
767 3221 798 3271 et
811 3212 977 3272 decernere
990 3212 1080 3271 ferro.
1306 3213 1370 3270 ⁶95

370 3305 552 3369 Discessere
566 3326 669 3366 omnes
683 3307 782 3378 medii,
800 3307 989 3385 spatiumque
1002 3302 1124 3366 dedire.
1154 3325 1160 3334 ·

409 3404 450 3461 At
465 3409 551 3480 pater
564 3401 694 3473 AEneae‚
711 3400 813 3460 audito
827 3401 946 3459 nomine
959 3398 1067 3472 Turni,

370 3495 494 3556 Deeerlt
509 3503 538 3554 et
552 3513 664 3568 muros,
678 3503 708 3552 et
722 3513 855 3554 summae
868 3493 980 3552 deserit
994 3511 1103 3568 arcee;

370 3588 604 3669 Praecipitatque
619 3607 718 3647 morae
732 3607 836 3646 omnee
852 3607 859 3658 ;
883 3606 976 3666 opera
989 3587 1089 3646 omnia
1102 3585 1222 3665 rumpit,

370 3683 493 3744 Latuit
506 3683 659 3742 exsultans
675 3701 683 3752 ;
708 3680 950 3758 horrendumque
964 3681 1078 3740 intonat
1092 3681 1206 3740 armis:
1308 3681 1368 3740 700

372 3777 513 3846 Quantus
527 3777 633 3850 Athos,
650 3783 847 3852 aut-quantus
860 3775 956 3853 Eryx,
972 3789 1023 3834 aut
1037 3775 1112 3854 ipse,
1129 3773 1267 3835 coruscis

373 3871 474 3940 Quum
490 3871 587 3931 fremit
601 3871 730 3944 ilicibus,
747 3879 888 3948 quantus,
904 3869 1076 3949 gaudetque
1090 3867 1183 3929 nivali

372 3963 507 4038 Vertice,
519 3985 553 4024 ee
571 3967 709 4025 attollens
723 3974 809 4044 pater
821 3965 998 4043 Apenninue
1013 3965 1050 4022 ad
1063 3983 1164 4023 aurae.

370 4057 392 4118 J
394 4065 441 4118 aui
455 4059 527 4119 reru
541 4068 571 4118 et
585 4059 691 4118 Rutuli
704 4059 852 4130 certatim,
868 4065 899 4117 et
912 4058 1022 4128 Troia,
1037 4065 1067 4116 et
1081 4073 1185 4117 omnea

373 4145 560 4213 Convertere
575 4154 679 4212 oculos
694 4151 773 4224 Itali,
787 4153 900 4230 quique
914 4151 976 4211 alta
988 4154 1130 4210 tenebant
1308 4151 1367 4210 706

372 4243 498 4318 Moenia,
517 4247 627 4323 quique
641 4247 715 4305 imoe
730 4247 889 4324 pulsabant
904 4245 998 4305 ariete
1012 4263 1134 4315 muroe3

373 4338 527 4416 Armaque
542 4338 709 4418 deposuire
724 4340 866 4400 humeris.
907 4341 1013 4419 Stupet
1026 4340 1091 4419 ipse
1104 4337 1242 4412 Latinus.
