3167 5234
499 632 503 646 Ι
561 565 738 616 AENEIDOS
757 568 828 615 mu.
841 567 906 651 11¹1,

236 701 447 780 Continuoque
461 703 561 764 ineunt
575 725 702 784 pugnae,
718 713 748 765 et
762 707 871 784 prolia
882 715 1012 780 tentent,⁴

234 797 275 856 Ni
288 817 394 856 roseus
408 798 504 858 sessos
520 798 583 875 jam
594 800 715 878 gurgite
729 800 864 860 Phoebus
877 802 967 860 Ibero

234 889 345 968 Tingat
360 910 464 968 equos,
481 901 668 969 noctemque,
685 893 732 952 die
747 894 878 966 labente,
893 894 1027 955 reducat.

235 981 402 1044 Considunt
417 986 523 1044 cestris
536 995 605 1044 ente
619 989 733 1059 urbem,
749 995 779 1047 et
793 988 905 1048 moenia
921 989 1041 1049 vallant.
1163 993 1222 1050 915

611 1272 846 1286 ᾗ

564 1474 898 1550 AENEIDOS

596 1667 749 1729 LIBER
762 1669 848 1730 XII.

232 1829 363 1890 Tuauur
378 1838 409 1889 ut
424 1830 565 1890 infractos
579 1831 705 1890 adverso
718 1830 818 1890 Marte
830 1831 957 1891 Latinos

232 1923 390 1984 Desecissc
404 1925 494 1995 videt,
509 1944 565 1982 sua
578 1943 657 1984 nunc
672 1925 818 2002 promissa
830 1924 958 2002 reposci,

233 2018 271 2076 Se
285 2014 399 2095 signori
412 2017 508 2076 oculis
522 2037 529 2086 ;
554 2018 631 2076 ultro
646 2017 842 2095 implacabilis
856 2019 951 2090 artlet,

233 2110 407 2186 Attollitque
422 2111 544 2170 animos.
587 2111 749 2170 Poenorum
765 2112 862 2188 qualis
876 2112 907 2170 in
920 2111 1000 2170 arvis

232 2205 359 2263 Saucius
373 2204 422 2262 ille
436 2205 523 2282 gravi
536 2202 695 2263 venantium
710 2204 834 2264 vulnere
849 2210 954 2282 pectus
1196 2205 1218 2264 ὅ

231 2297 308 2356 Tum
323 2297 439 2356 demum
453 2307 551 2356 movet
566 2317 649 2356 arma
663 2297 720 2368 leo,
737 2298 909 2375 gaudetque
923 2304 1077 2357 comentes

230 2389 396 2450 Excutiens
410 2391 529 2448 cervice
544 2399 635 2462 toros,
652 2391 802 2467 fixumque
819 2391 944 2449 latronis

231 2483 402 2562 lmpavidus
416 2483 525 2561 frangit
538 2485 641 2555 telum,
658 2493 687 2542 et
701 2483 799 2542 fremit
812 2503 865 2542 ore
883 2492 1029 2542 cruento:

230 2577 324 2637 Haud
338 2597 427 2636 secus
441 2595 571 2636 accenso
585 2577 684 2654 gliscit
698 2577 839 2636 violentia
851 2577 965 2636 Turno.

229 2669 308 2729 Tum
322 2669 366 2728 sic
381 2671 489 2728 affatur
503 2689 616 2748 regem,
633 2679 721 2747 atque
736 2671 777 2728 ita
791 2670 927 2728 turbidus
941 2670 1005 2728 infit
1020 2687 1028 2726 τ
1181 2671 1219 2730 10

229 2764 322 2823 Nulla
335 2783 419 2822 mora
432 2764 461 2821 in
475 2763 598 2832 Turu03
624 2763 695 2822 nihil
710 2772 755 2822 est
770 2762 850 2840 quod
863 2764 944 2822 dicta
957 2770 1121 2822 retractent

230 2857 335 2935 Ignavi
349 2857 510 2928 AEneadae,
526 2876 584 2916 nec
598 2876 665 2933 quae
680 2855 822 2935 pepigere
836 2865 986 2916 recusent.

233 2949 431 3029 Congredior;
474 2951 649 3020 Ferocem,
665 2960 760 3028 pater,
777 2961 807 3008 et
820 2951 945 3028 concipe
959 2949 1067 3010 sedus.

229 3043 291 3104 Aut
304 3043 363 3103 haic
377 3044 564 3103 Dardanium
578 3043 683 3102 dextre
697 3046 752 3103 sub
766 3045 898 3104 Tartara
910 3045 1037 3116 mittam,

228 3135 422 3196 Desertorem
436 3139 518 3196 Asiae
534 3138 667 3214 (sedeunt
682 3147 877 3215 spectentque
890 3138 1020 3215 Latini,)
1180 3137 1217 3196 15

229 3231 268 3290 Et
285 3232 367 3290 solus
381 3232 460 3290 ferro
475 3232 588 3290 crimen
603 3249 758 3292 commune
777 3232 912 3291 refellam
927 3252 935 3302 3

228 3324 289 3384 Aut
304 3325 531 3396 habeatuictos,
548 3325 635 3383 cedat
648 3325 774 3384 Lavinia
789 3327 907 3402 conjux.

267 3419 328 3478 Olli
342 3420 445 3479 sedato
459 3419 610 3496 respondit
624 3421 714 3478 corde
728 3419 857 3480 Latinus
869 3441 878 3490 3

229 3512 257 3570 Ο
271 3523 415 3589 prestans
429 3514 517 3572 animi
534 3513 665 3589 juvenis,
682 3513 826 3589 quantum
838 3515 902 3591 ipse
916 3513 1010 3572 feroci

229 3604 347 3665 Virtute
361 3625 534 3684 exsuperes,
551 3607 632 3664 tento
647 3626 694 3664 me
708 3607 870 3683 impensius
884 3625 1003 3684 oequum
1016 3613 1062 3664 est
1174 3605 1216 3664 20

230 3696 406 3770 consulere,
424 3709 513 3777 etque
528 3719 631 3760 omnes
645 3709 825 3758 metuentem
839 3699 1006 3776 expendere
1020 3715 1120 3757 cuns.

229 3794 303 3852 Sunt
316 3795 369 3852 tibi
383 3814 478 3874 regna
492 3796 584 3872 patris
599 3795 711 3865 Dauni,
727 3807 795 3854 sunt
808 3795 916 3872 oppida
928 3802 1019 3871 capta

227 3884 325 3945 Multa
339 3907 449 3958 manu3
473 3909 530 3948 nec
545 3909 603 3946 non
619 3907 781 3964 aurumque
796 3889 972 3964 animusque
985 3886 1095 3946 Latino
1108 3893 1172 3946 est:

229 3980 301 4040 Sunt
316 3983 382 4041 aliae
397 3983 527 4060 innuptae
540 3982 630 4040 Letio
644 3991 673 4040 et
686 3982 889 4040 Laurentibus
903 3982 995 4060 agris,

228 4071 294 4132 Nec
308 4095 406 4153 genus
419 4077 584 4135 indecores.
628 4077 698 4133 Sine
712 4095 760 4133 me
774 4076 840 4134 haec
854 4076 934 4133 haud
948 4075 1048 4134 mollia
1060 4075 1124 4134 satu
1174 4077 1214 4136 25

228 4170 358 4229 Sublatis
372 4173 489 4249 aperire
505 4172 579 4230 dolis
593 4192 601 4241 3
625 4173 711 4230 simul
726 4172 783 4230 hoc
798 4173 896 4230 animo
910 4173 1005 4231 lrauri.

226 4261 277 4322 Me
293 4273 394 4323 natam
407 4267 480 4324 nulli
494 4277 628 4325 veterum
642 4267 757 4326 sociare
772 4285 929 4343 procorum

226 4354 287 4416 Fas
301 4367 365 4416 erat
380 4379 387 4428 ;
411 4359 500 4436 idque
515 4379 617 4419 omnes
631 4361 750 4437 divique
765 4361 958 4438 hominesque
973 4361 1142 4419 canebant:

502 4457 539 4510 2⁸1
548 4456 565 4493 ⁸
