3167 5234
563 578 740 627 AENEIDOS
759 580 830 627 ΜΒ.
844 582 881 627 11.

234 720 374 791 Dixerat,
390 726 421 777 et
434 716 540 797 spissis
551 718 650 777 noctis
663 736 698 777 se
711 718 842 777 condidit
856 718 978 779 umbris.

235 819 390 895 Apparent
401 814 477 875 duas
490 814 595 886 facies,
610 813 792 891 inimicaque
805 814 907 892 Trojoe

236 910 367 970 Numina
378 927 489 987 magna
501 904 600 968 desim.

274 1004 355 1062 Tum
367 1002 440 1063 verd
454 1022 542 1061 omne
558 1002 629 1061 mibi
643 1002 739 1061 visum
752 1002 909 1061 considere
924 1002 954 1061 in
968 1002 1055 1081 ignes

236 1098 335 1170 llium,
352 1107 382 1156 et
395 1116 433 1157 ex
446 1097 506 1155 imo
519 1096 596 1155 verti
608 1095 762 1174 Neptunia
775 1096 879 1173 Trojs.
1165 1096 1225 1155 625

236 1192 284 1251 Ac
297 1191 401 1264 veluti,
416 1191 538 1250 summis
551 1190 706 1266 antiquam
719 1190 749 1247 in
764 1190 912 1249 montibus
925 1208 1031 1249 ornum

238 1283 341 1354 Quum
353 1285 434 1344 ferro
448 1284 581 1343 accisam
594 1283 770 1359 crebrisque
784 1284 961 1361 bipennibus
975 1284 1085 1343 instant

237 1378 356 1437 Eruere
371 1378 513 1456 egricolm
526 1376 666 1435 certatim
681 1397 689 1447 ;
713 1378 764 1435 illa
777 1396 873 1453 usque
888 1378 1026 1449 minatur,

241 1472 279 1531 Et
291 1470 467 1530 tremefacta
478 1488 595 1530 comam
608 1489 758 1529 concusso
770 1471 883 1529 vertice
899 1478 983 1529 nutat
997 1490 1005 1540 ;

240 1563 423 1624 Vulneribus
435 1563 532 1623 donec
546 1563 688 1641 paulatim
702 1564 811 1639 evicta,
826 1563 997 1641 supremiun
1167 1566 1227 1623 630

239 1657 430 1735 congemuit,
445 1658 596 1734 traxitque
613 1656 697 1735 jugis
710 1657 817 1715 avulsa
830 1657 955 1715 ruinam.

237 1750 410 1822 Descende,
426 1771 474 1823 ac,
489 1750 619 1809 ducente
632 1750 701 1822 deo,
717 1750 867 1809 dammam
880 1750 957 1809 inter
972 1758 1002 1810 et
1015 1751 1118 1811 hostes

237 1843 391 1922 Expediet·
403 1862 411 1900 t
432 1843 505 1903 dant
518 1843 580 1902 tela
592 1844 702 1914 locum,
718 1842 905 1920 flammaque
919 1844 1073 1903 recedunt.

275 1938 378 2014 Atque
392 1937 443 1995 ubi
458 1937 522 2012 jam
540 1937 646 2015 patrias
659 1945 835 2014 perventum
849 1936 886 1994 sd
900 1936 1001 1997 limina
1015 1937 1106 2011 sedis,

238 2031 446 2109 Antiquusque
460 2030 573 2101 domos,
589 2030 718 2107 genitor,
736 2048 824 2106 quem
838 2030 943 2089 tollere
957 2031 987 2089 in
1002 2032 1079 2091 altos
1167 2032 1226 2090 635

238 2124 386 2203 Optabam
400 2123 525 2203 primum
543 2131 669 2195 montes,
685 2122 870 2200 primumque
885 2126 1033 2201 petebam,

237 2217 378 2296 Abnegat
392 2215 496 2276 excisi
509 2217 601 2275 vitam
613 2215 781 2295 producere
795 2216 899 2293 Troji,

237 2312 445 2388 Exsiliumque
458 2312 529 2389 pati.
570 2310 636 2369 Vos
649 2331 678 2383 o,
694 2311 803 2387 quibus
817 2312 933 2389 integer
948 2312 1005 2371 mvi

239 2406 378 2485 Sanguis,
394 2406 447 2477 ait,
461 2404 626 2482 solideque
639 2424 695 2463 suo
708 2411 788 2463 stant
802 2406 910 2465 robore
925 2406 1015 2477 vires,

238 2499 306 2561 Vos
319 2500 431 2579 agitate
450 2499 561 2577 fugam.
1167 2502 1227 2559 640

237 2594 290 2653 Me
304 2594 331 2653 si
344 2592 490 2653 ooelicolae
505 2592 668 2651 voluissent
682 2591 794 2651 ducere
809 2592 909 2663 vitam,

237 2687 307 2746 Has
319 2687 390 2745 mihi
405 2686 576 2745 servissent
590 2684 679 2743 sedes
695 2705 701 2743 :
724 2684 798 2744 satis
814 2704 873 2745 una
887 2685 1037 2762 superque

237 2780 375 2839 Vidimus
390 2780 517 2851 excidia,
531 2787 561 2838 et
574 2787 670 2857 osptse
684 2779 892 2857 superavimus
912 2779 987 2839 urbi.

239 2875 290 2933 Sic
302 2895 331 2947 o,
348 2874 392 2933 sic
406 2875 535 2952 positum
548 2874 630 2932 affati
643 2872 787 2932 discedite
801 2892 920 2950 corpus.

238 2955 307 3045 Ipse
321 2986 412 3026 manu
425 2976 552 3025 mortem
564 2966 714 3025 inveniam
728 2985 737 3034 ;
760 2966 950 3025 miserebitur
962 2965 1066 3041 bostis,
1167 2968 1226 3025 645

237 3062 431 3138 Exuviasque
448 3070 539 3139 petet.
580 3060 695 3119 Facilis
711 3060 833 3136 jactura
848 3060 987 3138 sepulcri.

237 3158 306 3217 Jam
319 3157 434 3237 pridem
447 3156 561 3217 invisus
573 3156 660 3228 diris,
675 3166 706 3215 et
719 3157 842 3229 inutilis,
859 3176 953 3215 annos

238 3250 399 3323 Demoror,
416 3270 453 3309 ex
468 3270 527 3327 quo
541 3269 588 3308 rne
602 3248 702 3308 dirim
715 3249 809 3308 Pater
823 3257 913 3326 atque
927 3248 1078 3309 hominum
1090 3266 1146 3309 rex

237 3344 386 3413 Fulminis
399 3344 511 3402 afflavit
525 3342 622 3402 ventis
635 3351 665 3401 et
679 3343 805 3421 contigit
819 3343 889 3420 igni.

276 3438 369 3496 Talia
382 3438 535 3515 perstabat
549 3456 727 3508 memorans,
745 3438 881 3514 fixusque
895 3437 1048 3495 manebat.
1169 3438 1227 3495 650

237 3532 268 3591 N
270 3551 305 3589 os
318 3530 422 3590 contri
435 3531 522 3589 effusi
536 3530 687 3608 lacrymis,
703 3530 873 3607 conjuxque
888 3528 1018 3603 Crei'rsa,

237 3626 459 3701 Ascaniusque,
476 3624 632 3701 omnisque
646 3624 761 3697 domus,
777 3644 815 3682 ne
829 3632 947 3683 vertere
966 3642 1070 3683 secum

238 3718 361 3778 Cuncta
374 3727 469 3797 pater,
484 3718 606 3795 fatoque
619 3719 740 3796 urgenti
758 3718 930 3777 incumbere
945 3717 1043 3775 vellet.

237 3813 390 3891 Abnegat,
406 3812 584 3891 inceptoque
598 3819 628 3870 et
642 3812 764 3870 sedibus
777 3812 872 3870 haeret
892 3811 922 3869 in
936 3809 1041 3869 isdem.

237 3906 359 3965 Rursus
372 3906 403 3964 in
416 3925 500 3964 arma
513 3906 605 3978 seror,
620 3914 805 3982 mortemque
819 3904 1002 3963 miserrimus
1016 3910 1095 3981 opto.
1169 3904 1227 3963 655

237 4000 268 4060 N
270 4020 320 4058 am
333 4001 411 4077 quod
425 4002 592 4074 consilium,
609 4009 661 4060 aut
677 4020 743 4077 quae
761 4000 825 4076 jam
838 3999 957 4057 fortuna
970 3998 1096 4059 dabatur
1110 3998 1121 4057 i

235 4093 330 4153 Mene
342 4094 452 4153 efferre
467 4094 583 4173 pedem,
598 4095 728 4175 genitor,
743 4103 773 4152 te
792 4112 881 4172 posse
896 4093 1000 4151 relicto

237 4186 374 4267 Spereisti
391 4188 402 4244 l
422 4196 597 4267 tentumque
610 4189 695 4248 nefas
709 4188 805 4265 patrio
819 4186 927 4245 excidit
941 4206 994 4249 ore
1009 4186 1019 4243 i

237 4282 271 4341 Si
282 4282 357 4341 nihil
371 4302 409 4341 ex
422 4282 508 4341 tanti
522 4284 646 4363 Superis
659 4284 758 4361 placet
771 4283 846 4341 urbe
860 4282 999 4359 relinqui,

235 4376 377 4439 Etsedet
392 4377 450 4438 hoc
464 4379 572 4452 animo,
588 4379 790 4459 perituraque
805 4376 914 4437 addere
929 4376 1030 4455 Trojre
1169 4378 1228 4437 660

520 4478 553 4531 11
563 4474 581 4513 *
