3167 5234
377 538 436 595 m
668 535 695 580 n.
719 532 890 581 vincum
917 532 1090 583 ursonis

379 670 504 733 Crimen
518 692 602 733 amor
614 680 756 744 vestrum,
772 672 934 749 formaque
950 673 1066 751 insigne
1081 679 1237 749 paternm3

380 766 517 843 Namque
532 766 640 837 ferunt,
655 766 737 824 luctu
751 766 890 843 Cycnum
904 766 1099 825 Phaethontis
1112 766 1212 839 amati,

379 858 529 938 Populeas
543 859 621 918 inter
634 858 754 918 frondes
768 861 962 937 umbramque
977 878 1113 918 sororum
1316 862 1371 921 190

378 953 461 1013 Dum
474 955 565 1026 canit,
581 963 611 1011 et
625 961 763 1013 moestum
777 952 869 1011 Musa
882 954 995 1012 solatur
1009 970 1149 1025 amorem,

381 1045 549 1108 Canentem
563 1046 644 1106 molli
657 1045 758 1125 pluma
769 1046 891 1105 duxisse
905 1054 1069 1118 senectam,

379 1140 580 1217 Linquentem
592 1151 700 1211 terras,
716 1150 746 1198 ct
760 1140 861 1197 sidera
875 1158 949 1199 voce
962 1147 1148 1216 sequentem.

380 1233 487 1306 Filius,
504 1235 637 1310 aequales
650 1233 808 1292 comitatus
822 1234 918 1292 classe
933 1244 1082 1305 catervas,

381 1326 539 1405 Ingentem
553 1328 643 1386 remis
657 1327 844 1387 Centaurum
859 1336 1010 1405 promovet
1024 1346 1031 1385 ι
1054 1328 1103 1385 ille
1313 1330 1367 1387 19⁵

381 1420 477 1479 lnstat
492 1441 590 1497 aquae,
605 1440 772 1498 saxumque
786 1420 873 1479 undis
887 1420 1014 1479 immane
1028 1422 1158 1479 minatur

380 1514 513 1587 Arduus,
529 1524 559 1573 et
572 1514 664 1593 longis
677 1516 775 1573 sulcat
788 1514 883 1573 maria
897 1515 958 1573 alte
971 1513 1086 1573 earini.

420 1608 476 1667 Ille
490 1608 579 1666 etiam
594 1609 697 1685 patriis
711 1628 820 1686 agmen
834 1608 893 1667 ciet
907 1608 1011 1668 Ocnus
1025 1610 1063 1667 ab
1077 1609 1148 1681 oris,

380 1700 527 1761 Fatidica
541 1698 665 1759 Mantus
678 1710 708 1759 et
720 1702 817 1761 Tusci
829 1703 908 1760 filius
922 1703 1028 1774 amnis,

382 1792 445 1863 Qui
458 1814 558 1853 muros
572 1795 732 1871 matrisque
745 1793 826 1854 dedit
839 1795 902 1866 tibi,
918 1795 1056 1867 Mantua,
1072 1812 1189 1867 numen,
1309 1796 1368 1855 200

381 1886 508 1947 Mantua
521 1888 704 1959 diaeresin
728 1889 782 1947 sed
796 1908 855 1947 non
872 1908 969 1967 genus
982 1890 1118 1947 omnibus
1132 1908 1246 1959 unum3

381 1980 468 2041 Gens
481 1983 524 2041 illi
535 1984 653 2061 triplex,
669 1983 769 2061 populi
783 1985 839 2042 sub
855 1991 945 2061 gente
961 1983 1098 2060 quaterni
1112 2002 1120 2053 3

382 2075 454 2153 Ipsa
467 2084 557 2153 caput
571 2078 706 2155 populis:
729 2077 832 2136 Tusco
846 2076 883 2136 de
897 2077 1043 2157 sanguine
1058 2076 1146 2137 vires.

381 2168 466 2228 Hinc
480 2190 599 2247 quoque
614 2171 794 2248 quingentos
807 2171 837 2228 in
850 2190 883 2229 se
897 2170 1068 2249 Mezentius
1082 2178 1188 2242 armat,

382 2262 469 2331 Quos
483 2273 568 2342 patre
582 2264 716 2335 Benaco,
732 2265 848 2322 velatus
863 2263 1006 2323 arundine
1027 2262 1150 2342 glaucia,
1308 2264 1367 2321 205

381 2356 513 2417 Mincius
526 2357 636 2417 infesta
648 2356 778 2417 ducebat
796 2359 826 2417 in
841 2377 963 2435 aequora
977 2360 1057 2436 pinu.

421 2451 449 2510 It
462 2453 565 2531 gravis
578 2454 731 2524 Aulestes,
747 2451 936 2530 conterique
950 2455 1057 2511 arbore
1072 2452 1181 2511 fluctus

381 2544 532 2606 Verberat
546 2566 710 2626 assurgens
722 2567 730 2617 ;
753 2554 891 2625 spumant
906 2546 983 2605 vada
996 2564 1143 2605 marmore
1157 2563 1255 2605 verse.

381 2638 476 2699 Hunc
491 2641 570 2703 vehit
585 2640 721 2699 immanis
733 2641 851 2713 Triton,
867 2648 897 2699 et
911 2640 1024 2699 caerula
1037 2638 1155 2697 concha

381 2732 547 2793 Exterrens
561 2735 638 2792 freta
653 2752 661 2791 τ
683 2735 733 2794 cui
746 2735 874 2793 laterum
887 2742 975 2792 tenus
988 2733 1104 2810 hispida
1117 2732 1200 2791 nanti

382 2825 482 2885 Frons
495 2827 644 2885 hominem
658 2827 787 2905 praefert,
804 2828 834 2887 in
849 2828 952 2905 pristin
966 2826 1074 2885 desinit
1089 2827 1185 2897 alvus,

383 2920 514 2997 Spumea
526 2920 665 2978 semifero
678 2922 734 2979 sub
749 2928 870 2998 pectore
886 2928 1048 2981 murmurat
1062 2907 1152 2979 unda.

383 3010 442 3071 'rot
456 3014 525 3071 lecti
540 3032 681 3090 proceres
693 3022 741 3073 ter
754 3014 840 3073 denis
853 3015 979 3073 navibus
993 3015 1075 3073 ibant

382 3107 521 3166 Subsidio
535 3106 648 3183 Trojaa,
664 3116 695 3165 et
708 3128 831 3185 campos
844 3109 916 3167 salis
930 3128 990 3168 aere
1004 3110 1158 3167 secabant.

419 3200 550 3277 Jamque
564 3201 629 3259 dies
643 3201 720 3260 coelo
734 3210 938 3275 concesserat,
954 3203 1093 3278 almaque
1108 3220 1200 3259 curru

382 3296 413 3356 N
414 3296 552 3375 octivago
565 3293 681 3355 Plroebe
695 3296 823 3355 medium
838 3298 976 3374 pulsabat
988 3298 1158 3374 Olympum.

381 3390 513 3462 AEneas,
529 3409 628 3467 neque
642 3390 720 3449 enim
734 3392 875 3451 membris
889 3392 939 3451 dat
953 3411 1027 3450 cura
1042 3392 1183 3468 quietam,

382 3482 452 3562 Ipsa
466 3485 575 3543 sedens
588 3486 769 3561 clavumque
783 3485 862 3563 regit
875 3485 1009 3562 velisque
1023 3485 1179 3543 ministrat.

381 3580 483 3656 Atque
497 3579 550 3652 illi,
566 3580 664 3639 medio
677 3579 708 3637 in
722 3579 827 3657 spatio,
844 3578 963 3650 chorus,
980 3598 1065 3650 ecce,
1082 3594 1204 3637 suarum
1321 3620 1329 3639 .

381 3672 524 3732 Occurrit
538 3673 688 3745 comitum,
704 3673 864 3751 Nympha,
878 3690 952 3748 quas
966 3672 1044 3730 alma
1058 3671 1184 3748 Cybebe

382 3765 411 3824 N
413 3785 502 3824 umen
515 3767 628 3824 habere
642 3766 744 3837 maris,
760 3765 976 3843 Nymphasque
988 3754 1007 3823 ¹e
1022 3765 1148 3822 navibus
1162 3780 1241 3835 esse,

380 3860 541 3920 Jusserat:
565 3861 708 3919 innabant
722 3860 845 3937 pariter,
861 3859 1029 3935 fluctusque
1043 3860 1199 3929 secabant,

383 3952 465 4021 Quot
479 3952 560 4031 prius
574 3962 674 4013 arata
689 3962 835 4012 steterant
849 3952 887 4011 ad
901 3954 1001 4011 littora
1014 3970 1120 4029 prorae.

381 4047 560 4123 Agnoscunt
574 4047 663 4125 longe
677 4066 790 4126 regem,
809 4048 994 4122 lustrantque
1008 4045 1136 4104 choreis.

384 4138 531 4210 Quarum,
548 4158 616 4215 quae
630 4140 709 4199 sandi
722 4140 905 4212 doctissima,
921 4138 1125 4216 Cymodocea,

383 4230 467 4290 Pone
481 4250 623 4305 sequens,
639 4231 746 4291 dextri
759 4234 878 4311 puppim
893 4220 984 4304 tenet,
1001 4231 1127 4309 ipsaque
1141 4228 1230 4289 dorso

382 4324 515 4396 Eminet,
531 4343 568 4382 ae
582 4324 657 4384 lavi
670 4326 770 4385 tacitis
782 4326 966 4405 subremigat
980 4324 1075 4385 undis.
