3167 5234
350 533 407 592 150
635 529 847 579 attactu!
868 530 1041 579 Msnoms

347 668 479 729 Nescius
495 686 503 737 ;
525 667 577 726 illa
590 666 665 747 lugd
681 668 773 727 silvas
785 669 940 747 saltusque
955 674 1097 749 peragrat

347 761 483 821 Dictaeos
498 780 507 831 ;
529 759 623 819 haeret
637 761 725 819 lateri
745 762 843 821 letalis
856 762 978 821 arundo.

346 853 437 916 Nunc
450 854 549 913 media
563 852 683 913 AEnean
697 874 800 913 secum
815 874 868 933 per
881 855 992 914 moenia
1004 854 1097 926 ducit,

348 948 544 1024 Sidoniasque
559 955 688 1006 ostentat
701 967 785 1024 opes,
803 949 965 1025 urbemque
980 956 1135 1027 paratam:

347 1040 454 1119 Incipit
468 1041 564 1113 effari,
579 1039 738 1117 mediique
754 1040 784 1098 in
797 1060 872 1099 voce
886 1041 1007 1099 resistit.

347 1137 437 1196 llnnc
450 1136 568 1209 eadem,
584 1136 703 1194 labente
718 1135 777 1207 die,
793 1137 930 1195 convivia
944 1137 1061 1212 quierit,

348 1227 518 1305 Iliacosque
534 1229 642 1287 iterum
656 1228 779 1286 demens
795 1228 898 1287 andire
913 1229 1032 1287 labores

346 1322 501 1400 Exposcit,
518 1322 685 1399 pendetque
700 1321 807 1380 iterum
821 1322 970 1381 narrentis
984 1324 1023 1380 ab
1038 1342 1099 1383 ore.

347 1414 431 1487 Post,
446 1414 498 1473 ubi
515 1414 654 1493 digressi,
670 1414 830 1492 lumenque
845 1416 974 1473 obscura
987 1416 1117 1474 vicissim
1149 1457 1157 1475 ,

347 1510 435 1576 Luna
453 1512 570 1590 premit,
585 1509 773 1589 suadentque
787 1510 926 1570 cadentia
939 1511 1039 1571 sidere
1053 1532 1183 1587 somnos,

348 1608 419 1665 Sola
431 1607 518 1666 domo
531 1614 637 1665 moeret
652 1604 761 1678 vacui,
776 1607 937 1683 stratisque
958 1606 1070 1667 relictis

347 1700 495 1759 Incubet:
518 1700 600 1757 illum
614 1700 725 1757 absens
739 1701 893 1758 absentem
908 1700 1048 1777 auditque
1063 1699 1212 1782 videtque.

346 1796 408 1853 Aut
421 1793 536 1873 gremio
550 1791 725 1863 Ascanium,
741 1792 885 1870 genitoris
899 1794 1028 1872 imagine
1044 1802 1142 1872 capta,

347 1887 482 1959 Detinet,
497 1885 648 1944 infandum
662 1886 687 1943 si
701 1885 806 1944 fallere
821 1887 913 1963 possit
930 1906 1070 1946 amorem.

347 1982 376 2041 N
379 2000 417 2039 on
430 1988 538 2058 coeptae
552 1988 714 2058 assurgunt
725 1987 825 2039 turres
838 2000 846 2049 ;
869 2000 929 2039 non
943 2000 1026 2039 arma
1042 1981 1184 2057 juventus

346 2074 480 2135 Exercet
493 2092 501 2143 ;
525 2082 676 2151 portusve,
693 2083 744 2131 aut
759 2075 984 2152 propugnacula
998 2075 1077 2133 bello

348 2166 427 2227 Tuta
440 2177 545 2246 parant
559 2186 565 2223 :
589 2166 718 2244 pendent
730 2185 823 2245 opera
837 2168 1013 2245 interrupta,
1029 2168 1176 2245 minaeque

321 2260 333 2274 '
346 2262 503 2321 Murorum
517 2261 663 2339 ingentes,
681 2273 858 2337 aequataque
871 2262 1010 2320 machina
1023 2262 1111 2323 coelo.

386 2356 486 2423 Quam
499 2354 586 2413 simul
600 2374 636 2413 ec
649 2355 703 2413 tali
716 2356 864 2433 persensit
878 2364 961 2432 peste
975 2355 1071 2414 teneri

347 2448 431 2511 Cara
443 2450 530 2509 Jovis
543 2448 663 2525 conjux,
679 2468 736 2507 nec
750 2449 860 2507 samam
873 2451 993 2508 obstare
1007 2449 1099 2507 furori
1112 2468 1121 2521 ς

346 2543 472 2602 Talibus
486 2543 662 2621 aggreditur
674 2542 827 2601 Venerem
842 2544 983 2601 Saturnia
997 2542 1083 2602 dictis
1097 2561 1104 2601 ι

346 2636 511 2715 Egregium
525 2635 596 2696 verb
612 2636 731 2695 laudem
743 2645 773 2694 et
787 2636 883 2713 spolia
897 2636 995 2715 ampla
1009 2636 1128 2695 refertis

346 2730 456 2806 Tuque
470 2748 604 2805 puerque
618 2737 688 2786 tuus
702 2747 710 2797 ;
730 2746 872 2806 magnum
886 2737 915 2787 et
929 2729 1120 2789 memorabile
1135 2746 1253 2803 nomen,

346 2822 415 2883 Una
429 2820 497 2880 dolo
510 2817 609 2879 divium
623 2822 649 2879 si
663 2821 785 2902 stamina
800 2822 879 2881 victa
893 2822 1018 2881 duorum
1032 2831 1077 2881 est
1094 2826 1101 2881 l
1295 2824 1334 2883 95

346 2918 415 2977 Nec
428 2934 475 2974 me
489 2913 565 2973 aded
580 2914 665 2987 saliit,
681 2915 806 2975 veritam
819 2924 849 2973 te
863 2917 974 2975 moenia
986 2925 1098 2989 nostre,

347 3011 509 3087 suspectas
521 3008 663 3068 habuisse
677 3008 779 3067 domos
793 3008 989 3087 Carthaginis
1004 3010 1081 3070 alte.

347 3103 407 3161 Sed
421 3103 487 3179 quis
501 3102 557 3163 erit
570 3103 675 3163 modus
691 3102 701 3159 ?
723 3111 773 3162 aut
789 3103 847 3181 qub
862 3124 942 3163 nunc
955 3106 1120 3164 certamina
1133 3112 1217 3165 tauta
1232 3103 1244 3161 l

347 3196 429 3264 Quin
443 3195 540 3274 potiirs
553 3215 659 3275 pacem
673 3204 816 3256 eternam
830 3206 992 3274 pactosque
1007 3199 1179 3277 hymeneos

345 3289 533 3349 Exercemus
547 3290 558 3346 l
578 3290 684 3358 habes,
699 3288 764 3349 toti
777 3290 856 3365 quod
870 3299 968 3349 mente
983 3290 1083 3369 petisti
1097 3310 1104 3349 :
1277 3292 1334 3350 100

345 3383 440 3442 Ardet
456 3402 560 3441 amans
572 3382 663 3455 Dido,
679 3384 828 3459 traxitque
843 3403 897 3461 per
910 3403 980 3442 ossa
993 3384 1133 3445 furorem.

347 3474 542 3537 Communem
556 3475 635 3535 hunc
649 3497 723 3556 ergo
737 3476 877 3555 populum
892 3478 1072 3555 paribusque
1086 3496 1227 3559 regamus

345 3569 516 3648 Auspiciis:
540 3569 630 3629 liceat
643 3570 776 3649 Phrygio
790 3570 904 3629 servire
918 3571 1035 3642 marito,

255 3713 259 3720 .
344 3661 532 3739 Dotalesque
545 3671 605 3722 tue
618 3662 729 3742 Tyrios
747 3664 917 3741 permittere
932 3664 1055 3725 dextrae.

384 3755 446 3814 Olli
460 3756 567 3834 (sensit
581 3755 660 3814 enim
673 3754 813 3815 simulati
825 3763 923 3814 mente
937 3757 1078 3831 locutam,
1276 3760 1331 3817 106

346 3847 416 3916 Quo
430 3868 556 3927 regnum
570 3848 664 3910 ltaliae
679 3848 813 3927 Libycas
826 3858 977 3909 everteret
990 3854 1073 3930 oras)

346 3942 397 3999 Sic
410 3941 514 4000 contri
527 3949 573 4001 est
587 3942 725 4022 ingressa
738 3942 843 4003 Venus
859 3963 866 4003 :
889 3940 966 4016 Quis
979 3944 1050 4003 talia
1063 3945 1186 4005 demens

345 4036 476 4107 Abnuat,
492 4042 544 4093 aut
558 4044 657 4095 tecum
669 4037 751 4097 malit
766 4038 948 4098 contendere
963 4039 1041 4099 bello
1058 4040 1068 4096 1

346 4128 378 4187 Si
390 4127 488 4201 modb,
504 4128 582 4206 quod
596 4150 752 4205 memoras,
768 4133 880 4191 sactum
893 4133 1012 4193 fortuna
1026 4140 1178 4213 sequatur.
1228 4152 1233 4161 “

346 4220 405 4281 Sed
419 4219 488 4279 fatis
500 4221 615 4281 incerta
628 4224 718 4297 seror,
735 4225 761 4283 si
774 4225 894 4303 Jupiter
907 4246 996 4286 unam
1274 4228 1331 4287 110

343 4314 422 4375 Esse
437 4314 507 4374 velit
519 4314 623 4394 Tyriis
636 4319 740 4377 urbem
752 4318 907 4399 Trojdque
921 4320 1072 4399 prosectis,
