3167 5234
404 551 463 608 3³8
693 544 720 591 Ρ.
739 543 906 592 vinoun
927 543 1102 594 MAROMS

355 699 359 706 ’
404 684 449 742 Sit
462 683 602 742 Romana
615 691 720 762 potens
734 681 815 743 Itali
826 685 935 743 virtute
949 701 1102 764 propago:

403 777 534 851 Occidit,
550 778 753 854 occideritque
768 779 852 838 sinas
865 797 934 836 oum
947 779 1077 850 nomine,
1091 779 1194 856 Troja

443 872 505 932 Olli
517 873 675 932 subridens
688 873 840 932 bominum
853 891 1015 948 rerumque
1029 883 1185 951 repertor:

401 966 445 1026 Et
457 987 603 1046 germane
616 967 712 1039 doris,
730 968 911 1044 Saturnique
925 968 1023 1026 altera
1035 968 1147 1046 proles,
1305 954 1310 965 ”
1336 971 1399 1028 8³0

402 1062 521 1122 Irarum
534 1070 635 1121 tantos
649 1062 743 1120 volvis
757 1064 814 1120 sub
828 1070 949 1139 pectore
964 1063 1074 1121 fluctus
1088 1065 1096 1121 l

401 1155 516 1215 Verum
531 1175 601 1235 age,
618 1165 648 1214 et
662 1156 814 1234 inceptum
827 1156 939 1215 frustra
952 1158 1092 1216 submitte
1105 1157 1237 1216 furorem
1251 1176 1260 1215 t

401 1249 453 1309 Do
466 1251 546 1327 quod
558 1251 615 1322 vis,
631 1259 661 1308 et
674 1269 722 1308 me
737 1251 894 1327 victusque
909 1251 1072 1327 volensque
1085 1251 1214 1311 remitto.

402 1346 577 1404 Sermonem
590 1345 717 1404 Ausonii
732 1344 860 1422 patrium
873 1364 1032 1422 moresque
1046 1347 1191 1404 tenebunt
1203 1364 1212 1415 ;

401 1439 502 1517 thue
517 1447 574 1510 est,
590 1457 698 1498 nomen
712 1439 768 1496 crit
785 1458 792 1496 :
815 1439 966 1497 commixti
979 1458 1105 1517 corpore
1119 1439 1236 1498 tantum
1334 1440 1394 1498 835

402 1533 563 1592 Subsident
577 1531 700 1592 Teucri.
743 1532 863 1590 Morem
874 1533 1009 1610 ritusque
1023 1551 1181 1592 sacrorum

400 1627 560 1704 Adjiciam,
577 1627 745 1703 faciemque
756 1646 864 1686 omnes
878 1646 937 1687 uno
950 1647 1004 1685 ore
1017 1627 1152 1686 Latinos.

399 1721 484 1780 Hinc
497 1740 606 1800 genus,
621 1720 755 1780 Ausonio
769 1722 892 1779 mixtum
906 1721 985 1796 quod
998 1721 1146 1799 sanguine
1159 1729 1276 1800 surget,

401 1813 499 1893 Supra
515 1816 660 1887 homines,
676 1833 767 1892 supra
781 1815 826 1873 ire
840 1814 914 1872 deos
927 1815 1037 1892 pietate
1051 1815 1166 1874 videbis
1181 1834 1190 1884 ;

400 1913 430 1973 N
432 1933 468 1972 ec
482 1932 558 1992 gens
573 1914 633 1972 ulls
646 1922 714 1970 tuos
729 1912 816 1988 reque
831 1913 996 1970 celebrabit
1009 1911 1148 1970 bonores.
1336 1913 1394 1972 84⁰

400 2009 514 2066 Annuit
528 2007 574 2066 bis
588 2007 679 2078 Juno,
695 2014 725 2064 et
739 2014 869 2064 urentem
883 2007 986 2064 letata
998 2005 1128 2065 retorsit.

400 2100 524 2160 Interea
537 2101 655 2160 excedit
670 2101 759 2171 coelo,
776 2102 946 2176 nubemque
960 2099 1090 2176 reliquit.

440 2195 501 2254 His
516 2197 602 2266 actis,
620 2194 699 2254 eliud
713 2194 843 2253 Genitor
856 2213 959 2253 secum
973 2195 1039 2272 ipse
1056 2194 1169 2252 volutat
1183 2213 1193 2263 ς

399 2291 622 2366 Juturnsmque
638 2297 723 2366 parat
736 2287 838 2346 fratris
851 2288 1000 2347 dimittere
1014 2290 1053 2346 ab
1066 2289 1167 2348 umis.

399 2384 552 2444 Dicuntur
565 2383 692 2461 gemine
707 2391 808 2460 pestes
822 2383 999 2460 cognomine
1013 2382 1109 2454 Dirce,

401 2478 487 2547 Quas
502 2487 531 2536 et
545 2478 725 2537 Tartaream
739 2475 768 2536 N
771 2497 809 2534 ox
822 2477 1000 2554 intempesta
1012 2477 1180 2554 Megaram

398 2573 467 2632 Uno
481 2572 647 2649 eodemque
661 2572 727 2630 tulit
742 2580 841 2648 partu,
858 2570 1039 2648 paribusque
1054 2570 1180 2630 revinxit

400 2662 579 2744 Serpentium
593 2667 692 2743 spiris,
709 2674 910 2741 ventosasque
925 2664 1036 2722 addidit
1049 2665 1127 2724 alas.

400 2761 460 2820 Hae
473 2760 559 2819 Jovis
574 2759 611 2818 ad
625 2760 742 2831 solium,
758 2759 891 2835 secuique
905 2760 936 2817 in
949 2759 1050 2817 limine
1064 2759 1157 2836 regis,

399 2853 566 2932 Apparent,
584 2861 755 2929 acuuntque
768 2861 880 2911 metum
894 2853 1069 2912 mortalibus
1082 2853 1183 2931 egris,

400 2948 432 3006 Si
447 2946 566 3024 quaudo
579 2947 671 3006 letum
684 2946 855 3005 horrificum
869 2949 1050 3023 morbosque
1063 2947 1153 3006 deirm
1166 2967 1222 3008 rex

399 3040 533 3112 Molitur,
550 3041 672 3099 meritas
686 3048 737 3099 aut
752 3041 831 3098 bello
845 3041 962 3100 territat
977 3045 1077 3101 urbes.

398 3133 520 3194 Harum
534 3153 622 3192 unam
636 3134 766 3192 celerem
781 3135 899 3194 demisit
913 3138 952 3193 ab
966 3135 1078 3194 retbere
1090 3139 1209 3195 'summo

398 3229 528 3307 Jupiter,
545 3229 635 3305 inque
650 3245 737 3286 omen
750 3229 890 3288 Juturnre
903 3248 1065 3288 occurrere
1074 3231 1174 3306 jussit.

400 3324 457 3383 Illa
469 3324 560 3395 volet,
577 3322 730 3399 celerique
745 3323 783 3380 ad
798 3330 910 3382 terrem
923 3324 1042 3382 turbine
1056 3324 1172 3383 fertur:

399 3418 428 3478 N
431 3437 469 3476 on
485 3437 574 3476 secus
588 3436 625 3475 ae
639 3436 732 3475 nervo
746 3437 801 3494 per
814 3419 923 3476 nubem
936 3418 1063 3495 impulsa
1076 3418 1198 3496 sagitta,

399 3514 554 3571 Armatam
569 3510 641 3570 saevi
655 3510 786 3570 Parthus
801 3531 890 3586 quarn
904 3511 973 3569 selle
989 3512 1108 3582 veneni,

398 3604 539 3677 Parthus,
556 3605 619 3663 sive
634 3603 753 3682 Cydon,
770 3605 862 3664 telum
876 3605 1105 3677 immedicabile,
1119 3604 1206 3664 torsit
1219 3624 1228 3676 ς

400 3699 544 3771 Stridens,
561 3708 591 3758 et
606 3699 723 3758 celeres
737 3699 891 3776 incognita
904 3700 1033 3758 transilit
1047 3701 1178 3758 umbres.
1218 3707 1224 3720 '

398 3793 484 3852 Telis
499 3813 531 3851 se
547 3801 612 3852 sate
627 3791 725 3852 Nocte
739 3793 817 3864 tulit,
833 3801 989 3870 terresque
1003 3795 1116 3871 petivit.

437 3886 603 3964 Postquam
617 3888 699 3964 aqies
715 3888 793 3946 videt
808 3887 920 3946 Iliacas
934 3897 1025 3964 atque
1037 3888 1158 3967 agmina
1171 3886 1281 3960 Turni,

398 3981 488 4042 Alitis
502 3982 531 4040 in
547 4000 648 4060 pervoe
662 3982 792 4041 subitum
806 3982 936 4041 collecta
950 3983 1087 4061 figuram,

400 4077 479 4146 Ques
494 4077 642 4154 quondam
656 4079 686 4137 in
701 4080 807 4150 bustis,
824 4087 876 4138 aut
889 4079 1068 4138 culminibus
1080 4077 1219 4150 desertis,

399 4169 498 4230 Nocte
513 4172 622 4230 sedens
636 4173 736 4232 serum
750 4175 829 4233 canit
845 4175 1013 4250 importuna
1027 4191 1081 4250 per
1095 4174 1237 4232 umbras:

399 4261 492 4323 Henc
507 4284 594 4324 versa
609 4266 638 4324 in
653 4267 771 4339 faciem,
787 4267 885 4327 Turni
898 4286 932 4328 se
945 4267 1040 4345 pestis
1054 4268 1092 4325 ob
1106 4286 1161 4325 ora
1332 4265 1393 4324 866

401 4357 533 4436 Fertque
547 4359 699 4438 refertque
713 4380 835 4434 sonans,
851 4362 1050 4441 clypeumque
1063 4360 1223 4420 everberat
1236 4358 1302 4419 alis
