3167 5234
558 610 778 660 usonutcou
797 612 865 659 ΜΒ.
880 612 899 659 1.

277 752 378 827 Atque
392 750 459 809 haec
472 757 505 808 ut
518 750 608 808 certis
621 752 766 828 possimus
779 750 896 809 discere
910 750 1012 829 signis,

239 844 420 920 AEstuaque,
437 844 622 922 pluviasque,
639 852 668 901 et
682 854 808 921 agentes
822 844 936 922 frigora
949 856 1062 915 ventos,

240 939 307 1017 lpse
320 938 413 997 Pater
426 938 539 1008 statuit,
557 938 626 1013 quid
640 949 793 994 menstrua
807 936 877 994 luna
892 946 1036 1009 moneret,

239 1032 307 1099 Quo
322 1032 408 1108 signo
422 1030 563 1088 caderent
578 1032 672 1088 austri
689 1049 696 1099 ;
721 1030 790 1105 quid
810 1030 889 1107 saepe
905 1030 1038 1089 videntes

237 1124 390 1203 Agricolae
405 1124 525 1200 propius
538 1124 663 1181 stabulis
676 1132 810 1181 armenta
824 1132 967 1181 tenerent.
1163 1124 1222 1182 355

276 1215 440 1288 Continuo,
456 1215 551 1274 ventis
565 1216 766 1293 surgentibus,
783 1224 834 1274 aul
854 1216 930 1275 freta
944 1216 1025 1293 ponti

238 1308 387 1385 Incipiunt
401 1309 515 1385 agitata
526 1316 706 1379 tumescere,
723 1318 752 1366 et
766 1308 868 1366 aridus
883 1310 950 1367 altis

237 1402 391 1460 Montibus
405 1400 501 1459 audiri
519 1401 631 1478 fragor,
648 1411 700 1458 aut
713 1402 885 1459 resonantia
899 1401 987 1479 longe

237 1495 354 1555 Littora
367 1495 496 1564 misceri,
512 1503 542 1551 et
556 1512 709 1551 nemorum
722 1494 947 1551 increbrescere
962 1513 1102 1554 murmur.

237 1586 308 1646 Jam
321 1588 378 1645 sibi
391 1597 453 1645 tum
467 1586 566 1644 curris
581 1586 657 1643 male
671 1595 815 1663 temperat
830 1586 909 1643 unda
923 1587 1043 1658 carinis,
1163 1587 1223 1645 360

241 1680 340 1749 Quum
355 1680 451 1738 medio
464 1680 581 1737 celeres
593 1678 728 1736 revolant
742 1698 779 1736 ex
793 1698 914 1755 aequore
928 1680 1032 1757 mergi,

239 1773 470 1849 clamoremque
485 1773 582 1830 ferunt
597 1773 633 1829 ad
649 1773 748 1831 littora
764 1792 771 1841 3
797 1791 947 1848 quumque
961 1773 1083 1831 marinae

239 1864 275 1926 In
288 1868 369 1925 sicco
383 1865 488 1924 ludunt
506 1866 604 1924 fulicas
618 1883 626 1933 ;
650 1874 796 1941 notasque
811 1866 933 1942 paludes

237 1960 369 2031 Deserit,
386 1967 477 2037 atqua
491 1960 583 2016 altam
601 1978 692 2035 supra
705 1959 785 2016 volat
800 1959 892 2017 ardea
906 1962 1022 2020 nubem.

239 2054 324 2131 Saepe
339 2055 429 2111 etiam
443 2053 555 2121 stellas,
571 2061 660 2111 vento
674 2052 874 2128 impendente,
891 2053 1005 2112 videbis
1164 2052 1224 2111 365

239 2146 412 2223 Praecipites
424 2145 504 2203 coelo
517 2145 588 2215 labi,
604 2144 759 2221 noctisque
774 2164 828 2221 per
841 2147 977 2204 umbram

239 2238 439 2298 Flammarum
452 2239 557 2314 longos
571 2245 689 2315 clergo
705 2238 860 2296 albescere
874 2246 988 2297 tractus
1003 2258 1011 2309 ;

240 2332 325 2410 Stepd
339 2333 435 2389 levem
450 2332 566 2409 paleam
580 2339 610 2388 et
624 2330 744 2389 frondes
758 2332 883 2388 volitare
898 2332 1039 2403 caducas,

239 2427 299 2485 Aut
313 2424 429 2483 summa
442 2436 549 2482 nantes
566 2424 596 2481 in
611 2422 692 2499 aqud
705 2423 857 2481 colludere
877 2424 999 2499 plumas.

240 2519 279 2576 At
291 2518 398 2575 Boreae
413 2516 450 2574 de
466 2525 548 2593 parte
563 2516 657 2573 trucis
673 2534 763 2591 quum
776 2515 920 2585 fulminat,
937 2524 966 2573 et
982 2534 1071 2591 quum
1166 2515 1226 2573 ³¹10

240 2611 374 2687 Eurique
389 2610 580 2687 Zephyrique
594 2616 677 2667 tonat
691 2608 806 2679 domus,
822 2608 920 2667 omnia
935 2609 1029 2685 plenis

240 2704 325 2763 Rura
339 2710 442 2761 natant
456 2703 553 2773 fossis,
569 2711 659 2777 utque
672 2701 768 2758 omnis
781 2702 883 2759 navita
900 2710 989 2777 ponto

240 2796 373 2855 Humida
387 2797 455 2855 vela
468 2795 549 2873 legit.
592 2795 753 2870 Nunquam
771 2793 1007 2871 imprudentibus
1020 2794 1114 2854 imber

125 2960 130 2968 ⁸
240 2889 342 2949 Obfuit
358 2910 365 2945 ε
389 2898 440 2947 aut
454 2888 536 2945 illum
550 2896 723 2966 surgentem
737 2887 864 2945 vallibus
878 2888 943 2946 imis

239 2985 340 3044 Aeriae
353 2980 460 3061 fugere
474 3001 566 3060 grues
579 3002 588 3050 ;
612 2990 663 3040 aut
678 2982 796 3052 bucula,
813 2982 922 3041 coelum
1167 2982 1226 3041 375

241 3078 423 3155 suspiciens,
440 3075 549 3153 patulis
562 3074 690 3151 captarit
704 3074 827 3132 naribus
841 3094 930 3132 auras
943 3094 952 3144 ς

239 3169 302 3230 Aut
317 3178 426 3247 arguta
439 3169 525 3226 lacus
538 3168 786 3225 circumvolitavit
799 3168 925 3225 hirundo
942 3186 949 3236 ;

239 3263 280 3323 Et
294 3272 427 3320 veterem
446 3263 476 3319 in
490 3262 560 3319 limo
573 3280 656 3318 ranoe
669 3258 808 3317 cecinere
823 3261 975 3336 querelam
990 3279 998 3330 3

240 3356 358 3432 Saepiirs
371 3363 402 3413 et
419 3355 508 3413 tectis
522 3354 724 3431 penetralibus
738 3353 842 3411 extulit
856 3372 913 3411 ova

239 3448 411 3525 Angustum
424 3448 548 3505 formica
560 3456 660 3503 terens
674 3446 749 3515 iter;
773 3454 804 3502 et
818 3445 891 3503 bibit
905 3445 1010 3524 ingens
1167 3444 1226 3505 330

241 3540 341 3597 Arcum
354 3558 363 3609 ;
387 3548 416 3597 et
430 3558 447 3597 a
461 3548 547 3617 pastu
562 3538 711 3597 decedens
725 3538 842 3615 agmine
857 3557 965 3616 magno

242 3631 411 3691 Corsorum
429 3633 574 3710 increpuit
589 3632 690 3690 denaia
705 3632 854 3690 exereitus
868 3632 932 3689 alis.

241 3723 312 3783 Jam
326 3724 425 3783 varias
439 3725 539 3802 pelagi
553 3726 701 3796 volueres,
717 3732 747 3783 et
761 3744 828 3801 quae
842 3725 917 3783 Asia
931 3724 1042 3781 circum

241 3816 392 3875 Dulcibus
411 3819 441 3875 in
455 3818 570 3896 stagnis
583 3819 727 3877 rimantur
740 3825 827 3895 prata
840 3815 972 3891 Caystri,

242 3910 391 3971 Certatim
409 3911 510 3989 largos
524 3912 654 3969 humeris
667 3910 822 3969 infundere
836 3926 931 3978 rores,
1167 3908 1226 3968 335

242 4004 272 4063 N
274 4022 334 4061 uno
347 4013 437 4082 eaput
450 4004 603 4080 objectare
616 4004 711 4074 fretis,
727 4022 808 4061 nuno
821 4018 944 4059 currere
958 4001 988 4059 in
1002 3999 1106 4074 undas,

242 4096 284 4156 Et
298 4097 396 4155 studio
409 4098 564 4157 incassum
578 4097 678 4155 videas
690 4096 803 4174 gestire
816 4094 954 4164 lavandi3

242 4188 323 4249 Tum
335 4190 439 4249 cornix
454 4190 543 4268 plena
557 4190 685 4268 pluviam
698 4196 785 4248 vocat
800 4188 933 4265 improba
945 4208 1030 4261 voce,

242 4282 283 4342 Et
299 4284 365 4341 sola
378 4284 408 4341 in
422 4283 507 4343 sicca
520 4304 623 4343 secum
637 4283 783 4360 spatiatur
796 4280 898 4342 arcnd.

241 4375 290 4437 lle
305 4384 454 4436 nocturna
469 4377 587 4455 quidem
601 4385 758 4456 carpentes
771 4396 865 4456 pensa
878 4377 983 4454 puellae
1167 4374 1227 4433 390
