3167 5234
320 556 375 621 152
603 556 630 604 Ρ.
651 555 819 602 visumst
836 553 1007 602 Minonis

316 695 401 756 Ecce
416 695 498 769 serm,
515 695 579 754 saxi
592 694 716 772 dejecte
730 695 854 766 vertice,
871 713 971 772 ceprs

316 787 492 850 Decurrdre
509 789 611 868 jugis:
639 785 699 848 alie
713 789 749 847 de
764 796 849 867 perte
863 796 1000 866 petentes

317 883 534 942 'lbnnsmittunt
549 901 639 941 cursu
653 901 774 960 campos
789 891 879 959 etque
893 882 1014 960 egmine
1027 878 1110 938 cervi

317 977 532 1037 Pulverulente
546 975 619 1056 suge
632 977 809 1054 glomerant,
826 984 999 1051 montesque
1013 973 1195 1050 relinquunt.
1251 975 1306 1033 155

318 1071 358 1130 At
373 1090 447 1148 puer
459 1071 610 1130 Ascanius
623 1069 728 1127 mediis
741 1069 772 1126 in
785 1067 913 1126 vallibus
927 1067 990 1126 acri

318 1162 439 1224 Gaudet
453 1183 531 1240 equo
548 1183 556 1234 ;
575 1164 697 1241 jamque
711 1163 765 1221 hos
780 1181 882 1234 cursu,
898 1162 961 1238 jem
975 1160 1106 1239 preterit
1120 1159 1187 1220 ilios
1201 1179 1211 1231 ;

320 1258 571 1335 Spumantemque
586 1256 651 1314 deri
666 1275 777 1334 pecora
790 1257 868 1314 inter
881 1255 988 1314 inertie
1001 1255 1077 1314 votis

319 1350 411 1428 Optat
424 1369 539 1429 aprum,
556 1360 606 1410 eut
621 1349 733 1408 fulvum
747 1347 932 1407 descendere
946 1357 1045 1406 monte
1059 1349 1185 1408 leonem

358 1441 480 1502 Interea
493 1461 603 1522 megno
617 1443 735 1501 misceri
749 1461 899 1502 murmure
914 1443 1024 1501 coeIum
1250 1443 1306 1501 100

319 1535 426 1615 Incipit
443 1556 450 1594 :
473 1537 640 1615 insequitur
653 1535 813 1595 commixtis
829 1529 974 1614 grandine
988 1534 1113 1594 nimbus.

318 1629 360 1690 Et
379 1628 466 1707 Tyrii
480 1631 604 1689 comites
619 1631 739 1708 passim,
756 1638 785 1687 et
799 1628 933 1705 Trojene
946 1629 1098 1705 juventus,

318 1720 552 1799 Dardaniusque
567 1742 660 1801 nepos
673 1723 814 1794 Veneris,
830 1722 949 1781 diverse
963 1739 1017 1800 per
1029 1741 1120 1800 egros

318 1815 416 1874 Tecta
430 1825 510 1874 metu
526 1815 639 1894 petiere
655 1836 663 1874 t
685 1825 774 1875 ruunt
792 1815 829 1874 de
844 1817 992 1874 montibus
1005 1833 1117 1874 amnes.

320 1907 500 1988 Speluncam
514 1909 594 1968 Dido
609 1909 668 1968 dux
682 1917 711 1969 et
724 1910 876 1986 Trojanus
890 1907 1025 1968 eamdem
1252 1910 1305 1968 165

318 2002 501 2064 Deveuiunt.
543 2001 645 2064 Prima
659 2012 688 2063 et
701 2004 808 2063 Tellus
822 2014 851 2063 et
869 2006 1004 2082 pronuba
1016 2003 1098 2080 June

318 2096 402 2158 Dant
416 2099 533 2178 signum
549 2119 556 2169 ;
581 2096 693 2160 fulsire
707 2100 804 2178 ignes,
820 2107 850 2158 et
864 2100 1003 2158 conscius
1016 2098 1110 2158 aether

320 2191 488 2252 Gonnubiis
503 2211 511 2263 ;
535 2211 710 2270 summoque
726 2191 878 2252 ulularunt
891 2194 1004 2251 vertice
1019 2191 1165 2271 nymphas.

320 2283 376 2345 lile
390 2285 454 2344 dies
468 2286 579 2364 primus
593 2285 645 2344 icti
661 2287 833 2364 primusque
847 2287 991 2344 melorum

320 2377 426 2438 Causa
440 2379 494 2438 suit
510 2400 517 2438 :
540 2399 637 2457 neque
653 2380 731 2437 enim
745 2379 847 2458 specie
862 2378 979 2438 semiue
993 2387 1138 2453 movetur,
1251 2381 1305 2438 110

319 2471 349 2532 N
351 2491 387 2530 ec
404 2473 468 2549 jem
482 2473 622 2534 furtivum
635 2472 716 2531 Dido
731 2473 890 2531 meditetur
903 2491 1033 2530 amorem
1049 2491 1056 2530 :

321 2563 503 2644 Gonjugium
517 2574 604 2626 vocat
621 2586 630 2637 ;
652 2565 709 2625 hoc
723 2566 858 2644 prestexit
873 2566 990 2625 nomine
1006 2565 1133 2644 cuipam.

151 2671 156 2678 ·
253 2685 304 2701 ·-
360 2658 518 2738 Extempio
532 2659 639 2737 Libyes
654 2678 779 2738 magnas
794 2660 816 2718 it
829 2647 926 2718 Fs'niis
940 2649 997 2738 per'
1006 2661 1107 2732 urbes,

320 2749 425 2824 Fama,
441 2753 551 2811 maium
566 2749 626 2829 qui
640 2771 698 2810 non
713 2753 792 2810 aliud
806 2753 939 2811 velocius
952 2752 1043 2811 ullum
1059 2773 1068 2824 ς

319 2843 487 2905 Mobilitate
501 2847 593 2924 viget,
610 2845 748 2923 viresque
763 2846 890 2922 acquirit
904 2847 1002 2906 eundo
1018 2866 1025 2916 ;
1249 2847 1304 2905 175

317 2937 421 2998 vParva
433 2947 513 2997 metu
527 2937 631 3016 primd,
648 2958 715 2997 mox
729 2958 797 2997 sese
811 2939 917 2998 attollit
931 2940 961 2997 in
976 2958 1076 3011 eures,

320 3031 551 3110 Ingreditur-que
566 3033 640 3104 solo,
657 3040 686 3092 et
700 3040 789 3111 ceput
808 3034 885 3092 inter
898 3033 1000 3092 nubila
1012 3033 1122 3093 condit.

320 3124 408 3185 Illam
420 3125 519 3184 Terre
539 3145 659 3203 parens,
675 3126 719 3185 iri
734 3127 851 3185 irritata
864 3127 997 3200 deorum,

319 3219 505 3291 Extremam,
521 3227 553 3278 ut
570 3219 736 3297 perhibent,
753 3218 832 3280 Coeo
844 3219 1060 3296 Enceladoque
1074 3239 1208 3280 sororem

320 3311 494 3390 Progenuit,
510 3311 635 3390 pedibus
649 3314 779 3371 celerem
793 3321 823 3370 et
837 3313 1008 3390 pernicibus
1023 3315 1078 3372 alis
1093 3333 1101 3372 ε
1249 3316 1305 3374 180

319 3402 487 3464 Monstrum
495 3405 814 3485 horrendum,ingens;
828 3407 887 3478 cui,
898 3416 968 3483 quot
976 3415 1044 3466 sunt
1053 3427 1179 3487 corpore
1187 3408 1304 3489 plume,

319 3498 379 3557 Tot
394 3499 499 3578 vigiles
513 3499 593 3558 oculi
606 3501 720 3572 subter,
735 3499 871 3559 mirabile
885 3499 976 3573 dictu,

319 3591 379 3652 Tot
395 3592 517 3671 lingum,
532 3593 655 3651 totidem
668 3612 722 3651 ore
736 3602 854 3665 sonant,
870 3601 913 3652 tot
927 3593 1053 3671 subrigit
1067 3613 1166 3654 aures.

320 3685 419 3746 Nocte
434 3687 513 3746 volet
528 3686 598 3745 coeli
612 3686 709 3746 modio
722 3695 882 3764 terraeque,
899 3706 954 3764 per
966 3689 1101 3746 umbi-em

321 3779 468 3851 Stridens,
482 3799 541 3839 nec
555 3777 634 3839 dulci
649 3780 777 3840 declinet
791 3781 903 3839 lumina
916 3800 1028 3840 somno.
1250 3781 1305 3841 185

319 3872 405 3934 Luce
420 3876 503 3934 sedet
518 3883 629 3949 eustos,
647 3885 697 3935 eut
711 3877 817 3936 summi
831 3877 959 3935 culmine
972 3877 1056 3951 tecti,

319 3966 469 4027 Turribus
483 3977 534 4027 eut
549 3971 627 4042 aitis,
644 3979 674 4028 et
687 3989 813 4050 magnes
825 3971 942 4029 territet
957 3972 1047 4052 urbes
1059 3991 1068 4042 ;

320 4061 398 4120 Tam
412 4062 474 4121 ficti
492 4063 634 4140 pravique
648 4071 748 4137 tenax,
766 4065 856 4141 qudm
871 4065 974 4122 nuntie
987 4064 1060 4122 veri.

320 4155 401 4215 Haec
414 4164 476 4215 tum
494 4157 647 4235 multipiici
665 4159 788 4236 populos
802 4177 940 4218 sermone
954 4158 1089 4235 replebat

320 4247 477 4320 Gaudens,
494 4255 523 4305 et
538 4251 649 4325 pariter
662 4250 742 4310 facta
756 4259 846 4328 atque
861 4253 972 4311 insecta
986 4252 1133 4310 canebat:
1251 4251 1305 4310 190

321 4340 453 4404 Venisse
468 4341 603 4415 AEneen,
619 4343 752 4420 Trojeno
766 4365 784 4404 a
798 4346 945 4424 sanguine
959 4354 1084 4416 cretum,
