3167 5234
350 558 389 614 64
635 544 662 591 Ρ.
681 538 848 589 VIRGILII
873 532 1044 583 Minonis

349 688 480 747 Tollitur
492 704 501 757 ;
524 684 702 745 humescunt
716 678 829 759 spumis
842 676 974 753 fletuque
988 665 1186 750 sequentdm:

351 782 469 840 Teutas
483 776 709 847 emoriendum,
723 780 815 831 tantm
830 777 875 831 est
889 766 1013 829 victoria
1026 782 1107 824 curse
1122 764 1130 821 l

392 874 511 933 Primus
521 868 736 931 Erichthonius
749 883 856 925 currus
870 870 900 921 et
915 869 1042 940 quatuor
1055 875 1146 917 ausus

352 969 487 1045 Juugere
501 984 606 1043 equos,
620 960 801 1039 rapidusque
815 957 888 1015 rotis
902 955 1038 1013 insistere
1053 951 1156 1009 victor.

353 1063 464 1121 l'rmna
476 1056 660 1119 Pelethronii
671 1053 809 1132 Lapithes
824 1066 974 1130 gyrosque
988 1044 1110 1116 dedire,
1283 1042 1336 1101 115
1462 1073 1464 1077 ⁷

354 1153 487 1233 Impositi
500 1152 589 1210 dorso
602 1170 611 1219 ;
635 1156 725 1225 etque
739 1146 871 1222 equitem
885 1139 1016 1201 docuere
1030 1140 1085 1198 sub
1100 1134 1191 1195 ermis

354 1246 503 1307 Insultare
516 1245 591 1316 solo,
607 1250 637 1301 et
650 1258 774 1321 gressus
787 1239 956 1317 glomerare
970 1234 1125 1312 superbos.

353 1340 478 1418 AEquus
498 1346 626 1414 uterque
639 1336 745 1403 labor;
768 1331 855 1409 mque
871 1331 1073 1407 juvenemque
1087 1322 1222 1402 magistri

353 1433 534 1512 Exquirunt‚
550 1429 739 1504 calidumque
754 1425 860 1484 enimis
874 1432 903 1481 ct
917 1422 1055 1481 cursibus
1069 1436 1170 1477 eorem
1185 1435 1194 1486 ;

354 1525 502 1595 Quamvis
515 1523 596 1601 ssepd
610 1522 682 1600 fugi
696 1538 799 1579 versos
813 1517 862 1577 ille
877 1515 973 1594 egerit
986 1514 1098 1583 hostes,
1285 1508 1339 1565 tto

353 1621 395 1678 Et
408 1618 534 1698 patriam
546 1615 672 1694 Epirum
686 1612 809 1683 reserat,
824 1610 976 1684 fortesque
990 1606 1148 1684 Mycenas,

355 1711 547 1790 Neptunique
561 1707 629 1787 ipsi
640 1707 769 1765 deducat
782 1703 899 1782 origine
915 1709 1044 1780 gentem.
1055 1753 1056 1761 ,

393 1804 454 1865 His
468 1800 693 1871 animadversis,
708 1800 820 1858 instant
834 1798 890 1855 suh
904 1804 1032 1872 tempus,
1049 1798 1079 1850 et
1093 1808 1196 1851 omnes

355 1897 532 1977 Impeuduut
549 1914 639 1955 cures
652 1893 746 1953 denso
759 1890 929 1951 distendere
944 1886 1047 1965 pingui
1175 1892 1180 1897 '

356 1991 456 2059 Quem
468 1986 572 2068 legire
586 1988 703 2058 ducem,
718 1995 749 2045 et
762 1984 865 2063 pecori
878 1979 980 2041 dixire
994 1978 1153 2047 maritum
1286 1976 1341 2033 125

355 2084 569 2160 Puhentesque
582 2088 688 2139 secant
701 2079 822 2149 herbas,
838 2076 1004 2151 fluviosque
1018 2071 1195 2143 ministrant,
1335 2074 1337 2079 '

354 2177 514 2253 Feri-eque
531 2193 539 2244 ;
562 2194 601 2233 ne
616 2172 726 2231 blando
739 2177 870 2247 nequent
885 2186 1044 2246 superesse
1058 2164 1163 2236 labori,

355 2268 542 2345 Invalidiqae
557 2278 674 2345 patrum
688 2265 819 2323 reserant
829 2262 945 2339 jejuuie
958 2259 1029 2318 nati.

357 2361 428 2442 Ipsa
442 2374 542 2421 autem
555 2360 650 2419 macie
664 2365 788 2417 tenuant
803 2367 938 2415 armenta
952 2353 1086 2413 volentes
1101 2370 1110 2421 ς

354 2457 466 2532 Atque,
482 2454 534 2513 uhi
548 2452 725 2513 concubitus
738 2451 848 2529 primos
864 2449 928 2525 jem
941 2455 1012 2505 nota
1024 2446 1159 2523 voluptes
1288 2443 1343 2501 1³0

356 2549 513 2619 Sollicitet,
529 2545 710 2623 frondesque
723 2552 846 2623 negant,
862 2550 892 2601 et
906 2541 1037 2600 fontibus
1050 2544 1163 2599 arcent.

357 2641 443 2718 Saepd
457 2641 548 2699 etiem
561 2658 653 2699 cursu
668 2638 813 2715 quatiunt,
830 2645 860 2697 et
874 2636 937 2695 sole
951 2634 1088 2713 fatigant,

357 2733 458 2801 Quum
471 2732 604 2811 graviter
617 2731 713 2789 tunsis
731 2730 823 2808 gemit
838 2748 911 2787 ares
928 2728 1074 2805 frugibus,
1090 2732 1120 2785 et
1135 2742 1225 2803 quum

240 2892 245 2897 ,
357 2826 537 2904 Surgentem
551 2823 589 2883 ad
603 2822 776 2899 Zephyrum
789 2822 885 2899 peleus
902 2821 1056 2897 jactentur
1070 2819 1183 2879 lnaues.

355 2916 427 2977 Hoc
441 2916 565 2987 leciunt,
581 2914 671 2975 nimio
684 2933 723 2973 ue
736 2913 808 2973 luxu
822 2913 956 2973 obtusior
970 2932 1042 2972 usus
1288 2910 1343 2967 135

357 3011 401 3071 Sit
414 3009 538 3091 genitali
551 3028 634 3080 arvo,
650 3014 681 3065 et
693 3007 794 3065 sulcos
809 3007 928 3065 oblimet
942 3008 1054 3065 iuertes
1068 3024 1077 3075 ;

357 3104 416 3163 Sed
436 3102 533 3181 rapiat
546 3102 650 3159 sitiens
662 3100 826 3171 Venerem,
843 3100 1027 3176 interiusque
1041 3097 1194 3157 recondet.

395 3198 515 3255 Rursus
528 3213 602 3253 cura
615 3202 732 3271 patrum
746 3193 866 3265 cedere,
884 3201 914 3252 et
928 3192 1093 3252 succedere
1108 3198 1236 3250 matrum

357 3289 473 3367 Incipit.
515 3287 641 3346 Exactis
653 3286 786 3365 gravidis
802 3305 894 3363 quum
906 3286 1059 3345 mensibus
1072 3295 1184 3357 emant,

357 3384 426 3443 Non
439 3383 508 3442 illas
521 3382 665 3459 gravibus
680 3379 837 3457 quisquam
852 3380 930 3457 juga
943 3379 1054 3438 ducere
1069 3378 1221 3456 plaustris,
1290 3378 1345 3435 140

357 3476 386 3535 N
389 3496 427 3535 on
440 3474 520 3533 saltu
533 3492 677 3551 superare
691 3472 770 3531 viam
782 3473 820 3530 sit
834 3492 952 3551 pessus,
968 3481 998 3531 et
1013 3472 1077 3532 ucri

357 3568 494 3647 Carpere
508 3573 594 3644 prete
612 3563 695 3645 lugi,
713 3566 879 3642 fluviosque
894 3566 997 3625 inuare
1010 3584 1145 3644 rapaces.

358 3662 488 3721 Seltibus
502 3660 532 3718 iu
547 3659 651 3719 vacuis
665 3667 802 3737 pussant,
819 3668 847 3717 et
862 3660 952 3737 plena
965 3659 1130 3719 secundum

356 3755 505 3828 Flumina,
521 3773 643 3813 muscus
657 3753 718 3824 ubi,
734 3760 764 3810 et
777 3752 957 3811 viridissime
969 3753 1104 3831 gramine
1118 3752 1194 3832 ripa,

358 3850 575 3928 speluncisque
589 3854 703 3926 tegant,
719 3853 749 3905 et
763 3865 857 3904 saxea
869 3848 1012 3923 procubet
1028 3848 1142 3905 umbra.
1290 3846 1344 3903 145

397 3942 455 4000 Est
474 3941 559 3999 lucos
573 3940 662 3999 Sileri
674 3940 757 3999 circe
771 3939 949 4016 ilicibusque
964 3940 1110 3999 virentem

357 4034 509 4093 PlurImus
521 4034 690 4092 Alburnum
701 4033 842 4105 volitans,
857 4032 907 4092 cui
920 4053 1027 4093 nomen
1042 4034 1117 4092 asilo

358 4128 528 4187 Romanurn
542 4132 598 4198 est,
614 4135 738 4184 oestrum
749 4126 836 4185 Graii
849 4125 969 4187 vertere
984 4136 1126 4186 vocantes
1140 4146 1148 4197 ;

359 4223 468 4297 Asper,
485 4220 597 4278 acerba
608 4237 718 4277 sensns
734 4237 742 4289 ;
767 4239 826 4295 quo
839 4227 902 4277 tota
914 4220 1057 4279 exterrita
1070 4220 1153 4279 silvie

359 4311 530 4392 Diffugiunt
544 4319 679 4370 umente
693 4330 701 4382 ;
724 4311 794 4370 furit
808 4314 968 4391 mugitibus
984 4314 1077 4372 ether
1291 4311 1347 4371 150
