3167 5234
554 571 753 621 nunonicn
790 575 871 622 nen.
894 575 941 622 ιι.
1200 579 1235 638 ³1

253 709 353 768 “Huc
369 708 451 782 ades,
468 730 486 768 o
501 710 630 770 Galatea
643 731 650 768 :
674 713 740 790 quis
754 723 801 772 est
815 733 884 773 nem
901 713 990 773 ludus
1002 711 1035 771 in
1047 709 1159 772 undis?

248 803 310 864 Hie
324 824 377 862 ver
391 823 571 884 perpureum
588 825 594 875 ;
619 807 718 866 varios
730 807 780 866 hie
794 807 915 866 flumine
928 808 1043 866 eii-eum
1199 807 1239 864 40

247 896 357 956 Fundit
371 898 478 956 humus
493 898 582 957 flores
598 919 605 969 ;
630 897 678 958 hie
693 901 821 958 candide
836 901 962 979 populus
976 907 1063 960 entre

247 989 394 1062 Imminet,
410 1001 440 1050 et
454 992 543 1051 lentae
556 1001 659 1052 texunt
675 994 851 1054 umbracula
864 994 949 1052 vites.

246 1082 319 1144 Huc
334 1083 407 1143 sdes
424 1104 432 1155 ς
456 1085 554 1144 insani
568 1087 675 1145 feriant
690 1087 753 1145 sine
768 1087 867 1145 littora
881 1086 1024 1146 fluetus.”

673 1263 811 1303 metune.

247 1363 339 1436 Quid,
356 1385 423 1444 quae
437 1374 468 1425 te
482 1365 559 1445 purfi
572 1368 667 1425 solum
681 1368 736 1424 sub
750 1375 839 1425 nocte
853 1375 1012 1426 canentem

246 1457 411 1518 Audieram
425 1460 436 1516 ἶ
476 1460 626 1520 Numeros
640 1459 769 1531 memini,
786 1461 812 1518 si
825 1461 920 1518 verbe
932 1468 1077 1519 tenerem.
1197 1459 1237 1518 45

683 1635 798 1676 mltis.

250 1743 270 1770 ‘⁶
280 1737 413 1817 Daphni,
430 1739 501 1817 quid
515 1740 653 1816 antiquos
667 1740 820 1818 signorum
834 1738 963 1816 suspicis
975 1736 1084 1796 onus?

246 1831 329 1890 Ecce
343 1831 463 1892 Dionaei
477 1833 622 1911 processit
637 1833 771 1892 Caeseris
786 1841 899 1891 astrum
916 1851 924 1900 3

244 1919 385 1997 Astrunff
395 1945 454 2002 quo
468 1935 587 2004 segetes
601 1925 765 2004 gauderent
781 1926 927 2003 frugibus,
944 1932 975 1983 et
987 1943 1046 2002 quo

243 2015 378 2076 Duceret
393 2019 503 2096 apricis
517 2019 548 2076 in
562 2020 689 2078 collibus
703 2038 762 2077 uve
776 2020 917 2078 colorem.

244 2109 358 2183 Insere,
375 2111 509 2190 Daphni,
526 2113 605 2190 piros
620 2132 628 2181 ;
652 2121 775 2189 serpent
789 2121 842 2171 tus
857 2131 944 2190 poma
957 2109 1115 2190 nepotes.”
1194 2113 1235 2172 50

282 2205 390 2263 Omnia
404 2206 461 2263 sert
477 2217 560 2276 oetes,
577 2206 707 2264 animum
722 2225 851 2283 quoque.
894 2203 982 2284 Saepe
996 2223 1055 2284 ego
1068 2204 1176 2285 longos

233 2295 402 2357 'Cantando
417 2317 541 2377 puerum
556 2299 674 2357 memini
689 2317 734 2356 me
749 2299 880 2358 condere
894 2299 983 2357 soles.

243 2389 272 2450 N
274 2410 331 2449 une
345 2392 438 2450 oblite
451 2391 522 2450 mihi
534 2399 578 2449 tot
591 2391 724 2450 carmine
738 2411 746 2460 3
770 2411 828 2450 vox
842 2409 961 2468 quoque
973 2390 1087 2450 Moerin

242 2483 313 2542 Jnm
326 2483 401 2563 sugit
415 2485 480 2562 ipsa
494 2503 501 2541 :
525 2484 586 2562 lupi
599 2483 712 2542 Moerin
725 2482 828 2544 videro
842 2484 967 2560 priores.

244 2577 302 2658 Sed
315 2585 414 2638 tamen
427 2579 485 2636 ists
500 2576 573 2636 satis
587 2577 696 2636 referet
709 2578 762 2635 tibi
777 2577 857 2654 saepe
871 2577 1039 2641 Menum.
1192 2580 1233 2638 ⁵5

665 2769 804 2810 memte.

242 2872 405 2934 Causando
419 2882 536 2933 nostros
550 2874 580 2933 in
595 2874 715 2952 longum
729 2874 814 2932 ducis
829 2892 955 2933 amores.

240 2965 280 3026 Et
294 2988 373 3027 nunc
388 2987 473 3026 omne
487 2968 540 3026 tibi
554 2975 679 3025 stratum
693 2967 759 3025 silet
774 2987 886 3044 sequor,
903 2975 933 3026 et
947 2983 1060 3038 omnes,

239 3061 382 3139 Adspice,
399 3061 515 3119 ventosi
529 3061 703 3119 ceciderunt
718 3062 874 3119 murmuris
889 3078 981 3119 eures.

239 3153 322 3214 Hinc
337 3154 413 3212 eden
429 3154 584 3212 mediaest
599 3154 684 3212 nobis
699 3155 766 3223 vis;
790 3173 919 3230 nemque
934 3152 1105 3232 sepulerum

240 3245 348 3325 Incipit
364 3267 509 3325 apparere
524 3247 673 3306 Bianoris.
716 3247 780 3305 Hie
795 3248 845 3304 ubi
860 3247 969 3305 denses
1191 3249 1231 3307 60

237 3341 390 3420 Agricolae
405 3341 552 3419 stringunt
567 3341 697 3411 frondes,
713 3340 772 3411 hie,
790 3337 894 3411 Moeri,
910 3357 1072 3411 ennnmns3

238 3432 302 3492 Hic
316 3433 418 3492 haedos
432 3434 547 3512 depone
560 3453 567 3503 ;
591 3443 689 3492 temen
704 3433 858 3490 veniemus
871 3433 901 3490 in
915 3433 1028 3492 urbem.

238 3527 311 3596 Aut,
328 3528 353 3584 si
367 3546 425 3585 nox
439 3527 568 3604 pluviam
586 3546 624 3584 ne
639 3527 760 3603 colliget
772 3526 842 3584 ente
856 3544 1004 3598 veremur,

241 3617 407 3679 Cantantes
422 3621 491 3678 licet
506 3639 600 3696 usque
616 3618 726 3697 (mimis
740 3619 788 3678 vis
802 3618 905 3695 laednt)
920 3635 1034 3678 eamus.

241 3710 407 3772 Cantantes
422 3720 453 3772 ut
468 3733 581 3785 eamus,
598 3733 655 3792 ego
670 3714 726 3772 hoc
739 3722 769 3771 te
783 3712 867 3771 susce
881 3712 998 3771 levabo.
1190 3715 1230 3773 65

675 3889 792 3930 MOERIS.

237 3989 353 4052 Desine
367 3993 463 4070 plura,
481 4013 555 4072 puer
569 4013 576 4063 3
600 4002 640 4066 et,
658 3993 735 4070 quod
749 4011 829 4050 nune
844 3991 943 4062 instat,
961 4008 1094 4069 egemus.

240 4083 384 4145 Carmine
396 4094 460 4146 tum
472 4087 588 4161 melius,
606 4106 696 4164 quum
710 4086 825 4145 venerit
839 4086 914 4164 ipse,
930 4105 1083 4146 canemus.
