3167 5234
592 553 815 604 Gnonutcon
831 555 902 604 m
916 557 953 604 11.

279 691 374 752 Anne
386 691 486 752 feriunt
500 709 509 763 ;
532 692 617 752 novit
628 697 691 752 toto
704 691 788 752 Mers
804 693 910 772 impius
921 697 995 756 orbe
1012 715 1021 754 ε

279 785 327 856 Ut,
344 803 436 862 quum
450 785 623 844 eeroeribus
636 804 703 844 sese
718 783 863 860 effuddre,
878 790 1031 868 quadriges

277 878 397 938 Addunt
410 877 442 936 in
455 878 563 956 sputis,
578 887 608 938 et
623 878 734 938 frustm
745 881 913 940 retinaculo
924 883 1050 942 tendens

276 969 386 1031 Fertur
399 971 485 1048 equis
499 971 614 1050 nunqu,
629 991 728 1050 neque
743 973 824 1034 eudit
836 994 943 1036 eurrtu
956 977 1098 1040 mooun.

649 1283 878 1300 m

441 1611 448 1630 κ
566 1529 964 1608 unonomou

643 1743 805 1804 LIBER
830 1746 882 1804 11.

271 2079 443 2142 Hsorrnus
458 2102 594 2144 arvorum
608 2085 706 2144 eultus
720 2091 750 2143 et
763 2083 863 2142 sidero
876 2083 945 2143 coeli
960 2101 967 2140 :

271 2175 300 2234 N
302 2195 359 2234 uno
371 2185 413 2248 te,
428 2177 562 2250 Bseebe,
577 2197 695 2249 cenem,
710 2196 767 2236 nee
780 2197 840 2236 non
853 2175 1002 2236 silvestria
1013 2184 1114 2236 tecum

270 2265 417 2347 virgulto,
432 2278 462 2329 et
476 2271 589 2349 prolem
602 2270 687 2329 turdd
701 2270 867 2330 crescentis
879 2271 975 2329 olivus.

270 2361 352 2436 Huc,
368 2373 453 2443 peter
466 2386 484 2425 o
497 2365 609 2426 Leone
625 2385 633 2436 3
657 2366 715 2425 tuis
729 2365 779 2424 bio
793 2366 893 2424 omnis
906 2366 995 2443 plene

268 2453 458 2532 Muneribus,
474 2459 526 2518 tibi
542 2459 699 2537 pampineo
712 2457 855 2536 gravidus
868 2467 1008 2516 autumno

269 2552 372 2612 Floret
385 2574 469 2632 eger,
485 2549 602 2632 spumet
616 2553 711 2631 plenis
724 2552 873 2611 vindemio
886 2553 977 2612 lubrie
993 2571 1001 2623 3

269 2645 351 2719 Huc,
368 2656 453 2725 peter
465 2668 484 2706 o
496 2647 619 2720 laeuae,
636 2649 727 2716 veni;
752 2647 921 2723 nuduteque
939 2654 1037 2706 musto

269 2737 366 2818 Tinge
385 2761 461 2800 novo
475 2761 591 2800 meeum
605 2741 735 2818 dereptis
748 2760 838 2800 crure
850 2739 1011 2800 cothurnis.

306 2833 468 2912 Principio,
483 2833 640 2894 arboribus
653 2835 738 2893 voris
750 2841 797 2892 est
809 2843 917 2892 oeturo
929 2833 1068 2892 ereeudis
1081 2852 1090 2891 ε

267 2929 296 2988 N
298 2948 406 3006 umque
421 2929 498 3001 alise,
512 2930 601 2989 nullis
614 2929 764 2989 hominurn
777 2929 963 3008 cogentibus,
979 2929 1052 3006 ipso

268 3021 378 3100 Sponte
392 3021 592 3094 subveniunt,
607 3041 789 3101 composque
804 3032 834 3081 et
847 3022 969 3080 flumine
981 3022 1041 3081 letd

268 3111 371 3173 Curvo
387 3123 511 3186 tenent;
535 3125 566 3176 ut
580 3117 667 3174 molle
681 3116 761 3188 siler,
777 3116 925 3192 lentaeque
938 3115 1075 3194 genista,

265 3206 407 3286 Populus,
423 3217 452 3268 et
466 3208 577 3288 glsuod
590 3209 728 3268 canentis
740 3209 844 3268 fronde
858 3209 972 3270 salicto.

264 3299 340 3360 Pers
354 3311 454 3361 eutem
468 3304 562 3380 posito
576 3311 701 3381 surgunt
716 3303 879 3362 desemine
893 3322 902 3373 ς
926 3310 956 3362 ut
970 3303 1039 3362 nltse

263 3392 438 3467 Custeneoe,
453 3415 665 3472 nemorumque
679 3395 749 3455 Jovi
764 3416 831 3473 qum
845 3395 973 3454 monime
984 3395 1101 3456 frondet

263 3488 422 3562 AEsoulus,
438 3499 528 3569 etque
542 3491 651 3550 bubitae
667 3490 769 3550 Greiis
782 3491 906 3550 oroeule
920 3509 1058 3568 quereus.

263 3579 393 3642 Pullulat
408 3587 444 3644 eb
457 3585 558 3644 redies
574 3584 640 3644 eliis
653 3585 830 3644 denuisimu
843 3584 919 3642 silve
930 3603 939 3655 3

263 3673 303 3734 Ut
321 3677 444 3748 eerssis,
460 3678 606 3754 ulmisque
622 3697 630 3749 ;
654 3677 743 3736 etism
756 3677 918 3736 Parnassio
930 3677 1034 3735 laurus

261 3765 362 3828 Perre
374 3772 429 3829 sub
443 3771 555 3850 ingenti
568 3771 671 3832 muris
684 3789 717 3830 se
732 3770 850 3846 subjicit
864 3767 978 3828 umbrd.
1016 3809 1021 3820 ·

258 3861 330 3922 Hos
343 3862 373 3923 N
375 3873 460 3932 sture
473 3864 575 3924 modos
589 3865 714 3942 primum
726 3864 807 3924 dedit
820 3882 828 3934 ;
851 3863 898 3922 bis
910 3881 1006 3941 genus
1018 3880 1105 3922 omne

261 3955 408 4016 Siluorum
422 3957 620 4036 fruticumque
635 3958 710 4016 viret
723 3974 935 4032 nemorumque
948 3974 1111 4017 sacrorum.

239 4045 253 4070 ⁸
301 4050 375 4108 Sunt
389 4051 439 4110 ulii
453 4071 528 4128 quos
542 4052 605 4130 ipss
619 4050 670 4112 viu
682 4051 739 4112 sibi
751 4051 862 4130 reperit
875 4070 956 4112 usus.

259 4139 323 4202 Hie
336 4144 450 4222 pientes
466 4155 570 4206 tenero
584 4145 741 4205 abscidens
754 4144 792 4204 de
806 4164 930 4223 corpore
944 4153 1072 4207 metrum

257 4233 406 4314 Deposuit
420 4239 512 4300 sulcis
525 4259 534 4310 ;
557 4239 606 4298 bio
619 4240 727 4316 stirpes
740 4239 838 4298 obruit
850 4259 934 4313 urvo,

257 4325 512 4410 quadrifidasque
525 4334 626 4406 sudes,
641 4342 671 4392 et
686 4340 776 4392 scuto
789 4334 898 4394 robore
911 4333 1006 4394 rellos
1019 4354 1027 4394 :

1142 2429 1145 2433 ’
1227 2459 1249 2516 s

1210 2932 1247 2990 10

1206 3397 1243 3454 15

1201 3866 1242 3924 ΩΟ
