3167 5234
390 496 452 587 s'so
678 520 706 568 r.
727 520 896 569 vrncrnu
919 518 1092 567 ursonis

391 661 645 737 Partheniumque
659 658 748 737 Repo
762 667 792 718 et
806 659 976 736 proedurum
989 658 1105 719 viribus
1119 654 1241 730 onem

390 757 552 835 Messapus
566 754 777 831 Cloniumque,
792 754 1041 831 Lycsoniumque
1053 753 1220 824 Ericeten3

393 851 480 910 lllum
494 849 626 911 insrrenis
640 848 710 925 equi
724 848 811 925 lepsu
824 848 932 907 tellure
941 848 1103 923 jacentem,
1324 850 1381 909 760

392 948 486 1009 Hunc
500 948 628 1026 peditem
642 947 743 1025 pedes.
785 946 828 1005 Et
839 945 956 1021 Lycius
972 953 1163 1023 processerat
1174 944 1263 1023 Agis,

393 1042 493 1110 Quem
505 1036 606 1101 temen
620 1042 701 1100 haud
714 1059 823 1119 expers
836 1040 968 1097 Valerus
981 1038 1099 1097 virtmis
1113 1039 1202 1098 evites

391 1135 504 1213 Dejicit
518 1156 526 1207 ;
549 1144 580 1195 et
593 1136 759 1195 Thronium
773 1135 883 1205 Selius,
899 1133 1073 1209 Saliumque
1086 1133 1229 1206 Neelces,
1279 1194 1285 1209 ⁶

393 1230 524 1309 Insignis
534 1230 637 1307 jaculo
649 1239 681 1289 et
695 1228 784 1307 longd
798 1228 919 1287 tollente
933 1224 1054 1305 sagittis„

432 1324 502 1383 Jem
516 1324 617 1402 gravis
631 1324 770 1399 mqusbet
784 1322 884 1380 luctus
897 1329 929 1379 et
942 1328 1047 1378 mutue
1059 1319 1185 1377 Mavors
1321 1320 1381 1378 755

392 1416 517 1477 Funera
530 1436 538 1488 3
561 1417 718 1476 credebant
732 1415 844 1493 pariter
857 1415 1030 1492 pariterque
1043 1414 1172 1471 ruebant

391 1511 533 1570 Victores
546 1511 687 1587 victique,
704 1528 802 1586 neque
815 1508 863 1566 bis
875 1507 948 1585 fuge
960 1516 1031 1565 note
1043 1526 1143 1583 neque
1156 1504 1224 1565 illis.

391 1604 435 1665 Di
447 1605 468 1663 J
469 1605 533 1663 ovis
546 1606 576 1663 in
590 1604 679 1663 tectis
692 1604 766 1663 irem
779 1603 960 1662 miserentur
973 1602 1094 1659 monem

392 1700 566 1771 Amborum,
583 1705 613 1756 et
626 1706 725 1757 tentos
736 1696 910 1755 mortalibus
923 1714 991 1754 esse
1005 1695 1134 1756 labores.

393 1792 476 1851 Hinc
489 1792 605 1864 Venus,
621 1792 691 1850 hinc
706 1791 813 1849 contrd
825 1796 940 1867 spectet
954 1788 1095 1847 Saturnis
1111 1788 1203 1847 June.
1324 1790 1384 1848 teu

312 1922 319 1938 ι
393 1885 511 1945 Pellide
522 1886 687 1963 Tisiphone
700 1884 799 1943 medie
812 1884 890 1941 inter
902 1882 995 1941 millis
1010 1882 1105 1940 sevit.

392 1980 433 2039 At
448 1979 519 2038 verb
534 1964 685 2057 ingentem
700 1978 838 2055 quatiens
851 1976 1023 2035 Mezentius
1036 1976 1154 2035 hestem

393 2072 545 2131 Turbidus
559 2072 726 2151 ingreditur
739 2090 857 2148 cempo.
898 2069 998 2138 Quim
1016 2089 1143 2147 mugnus
1156 2070 1263 2143 Orion,

395 2165 497 2232 Quum
511 2165 602 2243 pedes
615 2165 725 2224 incedit
739 2165 828 2223 medii
842 2184 896 2242 per
909 2164 1037 2224 maxime
1051 2164 1146 2222 Nerei

394 2260 518 2338 Stsgne,
535 2260 614 2319 viem
628 2260 778 2331 scindens,
796 2260 919 2318 bumero
932 2259 1133 2336 supereminet
1147 2258 1266 2328 undes;
1322 2260 1383 2317 ¹165

392 2354 454 2413 Aut
468 2355 589 2413 summis
602 2354 737 2413 referens
751 2372 896 2412 annosum
909 2353 1058 2412 montibus
1071 2370 1187 2423 ornum,

393 2445 622 2525 Ingrediturque
636 2448 710 2518 solo,
726 2456 756 2506 et
770 2456 860 2525 ceput
874 2448 952 2516 inter
965 2446 1069 2504 nubile
1081 2444 1181 2505 condit
1195 2463 1204 2501 ε
1239 2469 1241 2472 ·

391 2540 478 2598 Telis
492 2560 525 2599 se
540 2542 632 2600 vestis
646 2541 734 2599 infert
747 2540 918 2598 Mezentius
932 2539 1032 2597 ermis.

392 2632 476 2692 Huic
490 2632 595 2691 contri
608 2634 739 2705 AEnees,
756 2634 928 2710 speculatus
940 2633 970 2691 in
988 2632 1108 2710 agmine
1121 2632 1222 2709 longo,

392 2726 507 2787 Obvius
521 2728 565 2785 ire
580 2736 673 2805 peret.
716 2727 821 2785 Manet
835 2727 1052 2804 imperterritus
1065 2726 1126 2797 ille,
1324 2727 1380 2784 770

391 2820 522 2879 Hostem
535 2821 755 2898 magnanimum
769 2820 938 2897 opperiens,
955 2828 985 2877 et
999 2821 1076 2878 mole
1090 2818 1148 2878 sub
1159 2826 1242 2890 stst3

391 2914 492 2989 Atque
506 2914 602 2971 oculis
615 2914 743 2989 spatium
757 2931 907 2984 emensus,
924 2921 1067 2989 quantum
1080 2914 1155 2971 estis
1167 2914 1264 2973 beetur
1279 2933 1286 2971 :

391 3005 520 3077 Dentre,
536 3006 606 3065 milri
620 3007 704 3077 deus,
720 3017 750 3065 et
764 3007 866 3078 telum,
883 3007 962 3083 quod
975 3006 1087 3065 missile
1102 3008 1187 3079 libro,

391 3099 421 3160 N
424 3119 482 3157 uno
496 3098 593 3157 edsint
607 3102 613 3156 !
655 3099 760 3158 Voveo
774 3101 923 3178 predonis
937 3120 1064 3179 corpore
1077 3102 1172 3179 ruptis

392 3192 531 3253 Indutum
545 3193 647 3270 spoliis
661 3193 756 3270 ipsum
770 3202 811 3264 te,
827 3194 941 3266 Lause,
956 3204 1102 3273 tropeum
1267 3201 1269 3204 ’
1322 3198 1379 3257 776

391 3288 512 3348 AEneae.
554 3287 649 3358 Dixit,
666 3287 899 3364 stridentemque
913 3289 1028 3347 eminus
1042 3290 1159 3349 hostum

391 3382 489 3460 injicit
505 3402 512 3453 ;
536 3384 588 3441 ille
601 3384 706 3477 qolens
720 3384 827 3461 clypeo
840 3392 886 3442 est
903 3401 1043 3455 excusse,
1059 3386 1230 3462 proculque=

390 3475 557 3556 Egregium
571 3478 707 3535 Antoren
722 3477 799 3535 letus
814 3476 892 3535 inter
906 3485 935 3535 et
949 3477 1002 3535 ilis
1014 3478 1079 3556 figit
1095 3497 1104 3547 ;

390 3568 536 3631 Herculis
550 3570 687 3631 Antoren
701 3572 849 3642 comitem,
866 3572 917 3648 qui
930 3572 1037 3629 missus
1046 3574 1084 3631 sb
1092 3571 1189 3650 Argis

390 3664 535 3725 Hoeserst
548 3665 702 3736 Evandro,
719 3674 810 3741 etque
825 3664 904 3724 lteld
917 3664 1096 3724 consederet
1108 3666 1193 3725 urbe.
1322 3668 1379 3727 700

391 3758 539 3817 Sternitur
553 3759 654 3817 infelix
670 3760 767 3818 alieno
781 3760 916 3832 vulnere,
933 3759 1103 3835 coelumque
1124 3749 1132 3763 ⁸

390 3852 535 3931 Adspicit,
553 3861 583 3911 et
596 3854 701 3913 dulces
715 3855 845 3913 moriens
857 3853 1058 3912 reminiscitur
1069 3854 1180 3932 Argos.

315 3990 317 3995 -
389 3944 468 4007 Tum
483 3950 549 4025 pius
561 3950 683 4009 AEnees
697 3951 812 4009 hestem
822 3949 917 4026 jecit:
939 3948 991 4007 ille
1004 3968 1059 4027 per
1070 3951 1175 4009 orbem

389 4040 469 4099 AEre
484 4062 591 4103 cerum
604 4044 723 4121 triplici,
741 4064 795 4121 per
808 4044 889 4102 lines
902 4044 999 4122 terge',
1015 4044 1172 4122 tribusque

388 4134 522 4194 Transiit
535 4138 675 4195 intextum
690 4138 784 4195 tauris
798 4158 883 4215 opus,
899 4138 1019 4214 imeque
1032 4138 1110 4197 sedit
1322 4138 1381 4199 700

388 4226 517 4305 Inguine
531 4248 539 4298 ;
563 4230 616 4288 sed
630 4230 710 4289 vires
723 4231 804 4290 haud
818 4232 947 4310 pertulit.
989 4232 1085 4291 Ooiirs
1097 4250 1202 4293 ensem

388 4319 519 4395 AEnees,
536 4321 599 4381 viso
613 4324 765 4401 Tyrrheni
779 4326 927 4403 senguine
940 4326 1037 4397 lectus,
