3167 5234
606 537 785 589 meinos
805 540 875 589 tta.
889 540 935 587 tv.

278 677 442 741 Miscerive
457 679 562 755 probet
574 678 708 755 populos,
724 685 775 736 ant
789 678 905 738 smdera
920 676 1016 757 jungi.

279 774 329 833 Tu
341 772 451 849 conjux
466 791 475 841 ;
498 772 552 829 tibi
571 772 617 829 sas
630 771 760 830 animum
775 780 892 829 tentare
907 770 1065 849 precando.

139 903 157 924 s
279 864 378 944 Perge
395 885 404 935 ;
428 883 546 941 sequar.
587 864 666 923 Tum
680 864 724 921 sic
738 864 855 941 excepit
869 865 955 943 regia
966 863 1047 922 Juuo
1062 881 1070 920 :

224 973 258 996 ν
316 957 441 1016 Mecum
453 957 510 1015 erit
524 956 579 1014 iste
594 954 696 1015 lob'or:
712 976 792 1015 nune
804 955 865 1033 quai
876 956 990 1015 ratione
1003 956 1080 1033 quod
1094 956 1184 1015 instat
1209 956 1264 1015 115

222 1031 228 1113 .'
279 1050 414 1113 Contieri
431 1050 533 1128 possit,
549 1049 665 1127 paucis,
680 1049 813 1122 adverte,
829 1048 953 1109 docebo.
995 1051 999 1058 '

277 1144 430 1203 Venatum
442 1142 562 1201 AEneas
577 1140 697 1218 unique
710 1142 876 1200 miserrima
889 1142 969 1201 Dido

185 1289 191 1297 .
278 1236 314 1296 In
327 1256 432 1295 nemus
445 1236 489 1293 ire
503 1244 621 1313 parant,
637 1235 688 1293 ubi
704 1235 814 1313 primos
828 1235 977 1294 crastinus
991 1243 1074 1294 omns

277 1328 425 1389 Extulerit
437 1328 539 1396 Titan.
554 1326 706 1404 radiisque
721 1328 863 1387 retexerit
878 1331 989 1387 orbem.

278 1420 338 1481 His
352 1440 409 1499 ego
423 1419 592 1497 nigrantem
605 1418 766 1479 commixti
782 1420 928 1499 grandine
942 1421 1083 1494 nimbum,
1207 1424 1263 1481 tao

278 1514 359 1574 Dum
370 1513 519 1591 trepidant
532 1512 600 1584 alie,
617 1513 770 1589 saltusque
786 1514 924 1591 indagine
940 1514 1073 1592 cingunt,

278 1606 417 1683 Desuper
429 1605 591 1675 infundam,
607 1613 636 1663 et
657 1607 770 1673 tonitru
782 1606 892 1665 coelum
906 1625 991 1664 omne
1006 1607 1101 1665 ciebo.

278 1698 441 1777 Diffugient
455 1698 588 1768 comites,
605 1706 634 1756 et
647 1707 735 1755 nocte
750 1706 890 1776 tegentur
903 1696 1000 1774 opaci
1016 1717 1024 1755 ε

274 1780 456 1870 ¹Speluncam
470 1790 550 1850 Dido
564 1790 625 1850 dux
637 1799 666 1849 et
685 1791 837 1867 Trojanus
851 1791 986 1849 eamdem

276 1884 455 1944 Devenient.
496 1882 610 1955 Adero,
626 1892 667 1955 et,
683 1894 736 1943 tna
748 1884 775 1943 si
788 1884 858 1942 mihi
872 1892 956 1942 certa
968 1883 1116 1956 voluntas,
1205 1886 1260 1945 tao

276 1977 434 2037 Connnbio
449 1977 574 2055 jungam
592 1977 703 2049 stabili,
718 1977 926 2057 propriamque
943 1976 1060 2037 dicabo.

274 2070 338 2131 Hic
350 2071 537 2149 Hymenaeus
550 2072 615 2130 erit.
658 2072 686 2129 N
689 2092 727 2129 on
742 2072 901 2131 adversata
913 2073 1026 2149 petenti

276 2166 398 2237 Annuit,
413 2174 504 2243 atque
519 2165 594 2223 dolis
607 2165 671 2225 risit
685 2165 841 2242 Cytherea
854 2168 989 2243 repertis.

312 2258 469 2317 Oceanum
484 2258 600 2317 interea
613 2278 741 2337 surgens
754 2260 875 2317 Aurora
889 2258 1038 2334 relinquit.

274 2350 301 2411 lt
315 2352 418 2431 portis,
436 2350 544 2428 jubare
561 2360 675 2423 exorto,
692 2352 809 2409 delecta
825 2351 987 2427 juventus:

273 2444 364 2504 Retia
377 2464 458 2517 rara,
475 2444 583 2522 plagoe,
598 2445 659 2503 lato
673 2444 821 2503 venabula
839 2445 929 2515 ferro,

273 2537 458 2615 Massylique
472 2546 563 2596 runot
577 2538 703 2615 equites,
720 2546 750 2595 et
764 2538 857 2595 odora
870 2556 978 2595 cauum
992 2537 1046 2597 vis.

272 2631 424 2709 Reginam
435 2631 565 2689 thalamo
579 2639 768 2689 cunctantem
783 2630 821 2688 ad
835 2630 936 2689 limina
950 2631 1035 2709 primi

272 2722 433 2783 Poenorum
447 2733 641 2801 exspectaut;
664 2732 805 2799 ostroque
819 2722 944 2801 insignis
958 2732 987 2782 et
1006 2742 1080 2783 auro

272 2818 337 2875 Stat
351 2818 481 2894 sonipes,
497 2836 533 2875 ac
547 2816 641 2875 sraena
654 2816 736 2875 ferox
750 2816 919 2893 spumantia
932 2816 1052 2877 mandit.

271 2908 407 2967 Tandem
421 2908 619 2987 progreditur,
635 2906 745 2987 magnai
758 2908 886 2986 stipante
902 2907 1035 2981 catervis,

272 3002 423 3061 Sidoniam
437 3002 515 3080 picto
529 3002 715 3079 chlamydem
729 3002 913 3060 circumdata
926 3002 1015 3060 limbo
1029 3022 1037 3073 3

272 3093 332 3153 coi
347 3094 487 3173 pharetra
500 3114 538 3153 ex
552 3113 636 3165 auro,
653 3094 752 3153 crines
765 3094 911 3153 nodantur
925 3095 955 3153 in
969 3115 1085 3168 aurum,

270 3188 374 3246 Aurea
389 3206 569 3265 purpuream
582 3188 731 3246 subnectit
745 3188 838 3245 fibula
852 3196 977 3246 vestem.

269 3280 410 3339 Necnon
425 3289 455 3337 et
468 3280 592 3357 Phrygii
607 3280 740 3351 comites,
757 3287 786 3337 ct
804 3280 891 3339 leatus
905 3280 998 3353 Inlue,

270 3371 427 3432 Incedunt.
469 3372 538 3450 Ipse
554 3381 622 3430 ante
637 3373 710 3430 alios
725 3372 940 3450 pulcherrimus
955 3390 1057 3431 omnes

270 3463 364 3524 insert
379 3484 411 3523 se
426 3466 540 3523 socium
554 3465 683 3536 AEneas,
700 3474 790 3541 atque
805 3466 924 3543 agmina
939 3464 1047 3544 jungit.

270 3557 391 3629 Qualis,
407 3558 457 3617 nbi
470 3558 627 3615 hibernam
639 3556 766 3634 Lyciam
779 3557 953 3635 Xanthique
969 3558 1080 3617 fluenta

268 3648 403 3721 Deserit,
420 3669 456 3709 ac
469 3650 581 3709 Delum
593 3659 758 3709 maternam
772 3650 870 3709 invisit
884 3651 1002 3729 Apollo,
1095 3646 1102 3659 ’

269 3742 480 3819 Instauratqne
494 3743 602 3803 choros
618 3763 626 3813 ;
649 3743 791 3821 mixtique
807 3745 913 3803 altaria
927 3744 1041 3802 circum

269 3831 443 3914 Cretesque
453 3838 653 3916 Dryopesque
668 3837 807 3909 fremunt,
824 3837 954 3914 pictique
968 3836 1133 3916 Agathyrsi
1148 3856 1155 3895 ε

269 3928 338 4008 Ipse
354 3930 438 4009 jugis
452 3929 565 4009 Cynthi
578 3931 724 4009 graditur,
739 3930 878 4006 mollique
893 3930 1034 3987 fluentem

268 4021 388 4081 Fronde
409 4024 514 4101 premit
528 4024 642 4082 crinem
656 4025 784 4101 fingens,
799 4031 889 4098 atque
904 4021 1033 4100 implicat
1048 4042 1121 4085 auru
1136 4046 1145 4098 ;

268 4115 345 4174 Tela
358 4126 466 4175 sonant
478 4118 620 4176 humeris.
662 4116 756 4175 Haud
777 4115 828 4173 illo
842 4116 962 4193 segnior
975 4116 1037 4175 ibat

266 4208 409 4279 AEneas;
431 4219 547 4269 tantum
564 4209 687 4289 egregio
702 4210 795 4268 decus
809 4209 900 4267 enitet
914 4229 975 4269 ore.
1199 4216 1254 4275 150

218 4275 261 4306 κ
306 4302 471 4381 Postquam
485 4304 562 4363 altos
575 4312 696 4362 ventum
710 4302 741 4361 in
754 4310 868 4361 montes
882 4311 973 4382 atque
987 4304 1067 4365 invia
1080 4306 1185 4382 lustra,
