3167 5234
380 542 440 600 ³04
669 533 697 580 r.
717 532 884 580 vinorum
906 531 1080 581 suenonis

380 673 489 734 Pulsus
504 693 560 752 ego
577 671 588 728 i
609 678 660 729 aut
675 672 833 748 quisquam
845 670 962 744 merito,
978 669 1150 741 foemina,
1164 668 1283 746 pulsum

381 769 508 846 Arguet,
525 766 620 825 Ilieoo
633 765 776 824 tumidum
792 765 841 841 qui
855 782 996 828 creseere
1010 763 1136 840 Tybrim

382 863 546 942 Sanguine,
562 870 591 919 et
605 860 738 920 Evandri
752 869 844 918 totam
857 879 926 919 oum
939 859 1031 936 stirpe
1045 857 1158 917 videbit

381 953 581 1016 Procubuisse
596 954 724 1024 domum,
741 961 830 1032 atque
845 961 950 1010 exutos
964 951 1101 1010 Arcadas
1114 949 1230 1010 armis?
1308 951 1366 1010 ³96

380 1048 474 1107 Haud
488 1049 530 1107 ita
543 1067 589 1108 me
603 1047 717 1124 asperti
731 1047 826 1104 Bitias
839 1054 869 1104 et
882 1045 1039 1104 Pandarus
1052 1045 1169 1122 ingens,

380 1142 421 1201 Et
436 1161 511 1220 quos
525 1143 605 1200 mille
619 1141 667 1200 die
681 1140 776 1198 vietor
790 1140 845 1198 sub
859 1139 990 1198 Tartara
1003 1137 1080 1208 misi,

382 1234 521 1294 Inclusus
534 1235 637 1305 muris,
653 1228 813 1306 hostilique
824 1251 938 1310 aggere
958 1239 1069 1308 septus.

381 1327 410 1388 N
413 1329 475 1386 ulla·
486 1328 568 1386 salus
582 1327 662 1386 bello
674 1329 681 1385 t
725 1325 826 1404 Capiti
840 1345 916 1384 osne
929 1325 1002 1383 talia
1013 1324 1136 1382 demens

381 1419 546 1492 Dardanio,
562 1423 714 1497 rebusque
729 1420 798 1478 tuis.
839 1417 969 1477 Proinde
983 1417 1082 1478 omnia
1094 1435 1205 1495 magno
1308 1417 1367 1474 40⁰
1466 1484 1475 1498 ς

381 1515 411 1574 N
413 1533 430 1572 e
444 1533 533 1573 cessa
546 1515 668 1572 turbare
683 1521 774 1584 metu,
790 1520 882 1588 atque
895 1512 1038 1570 extollere
1052 1511 1131 1568 vires
1219 1568 1223 1578 ,

381 1607 488 1668 Gentis
503 1609 547 1666 bie
561 1608 647 1666 victer
663 1627 671 1678 ;
695 1607 798 1666 contrd
812 1625 947 1684 premere
961 1625 1044 1664 arma
1058 1603 1168 1664 Latini.

381 1701 409 1760 N
413 1720 471 1759 uno
485 1710 515 1759 et
529 1701 748 1778 Myrmidonum
761 1719 903 1777 proceres
916 1699 1051 1776 Phrygia
1063 1716 1147 1757 arma
1158 1696 1345 1772 tremiscunt,

382 1794 412 1853 N
414 1813 472 1853 unc
487 1803 516 1854 et
529 1793 674 1871 Tydides,
690 1802 719 1851 et
734 1793 903 1851 Larissaeus
917 1792 1072 1850 Achilles:

381 1885 487 1948 Amnis
501 1895 531 1945 et
546 1885 717 1944 Hadriacas
731 1895 812 1944 retro
825 1886 900 1964 sugit
914 1885 1042 1944 Aufidus
1056 1883 1159 1945 undas.
1307 1884 1367 1944 40⁵

306 1983 317 1994 “
380 1979 439 2038 Vel
453 1999 544 2057 quum
557 1999 590 2038 se
607 1979 744 2057 pavidum
759 1987 864 2038 eontra
878 1997 946 2036 mea
955 1977 1057 2055 jurgia
1069 1977 1155 2054 fingit

382 2073 515 2132 Artificis
529 2073 640 2144 scelus,
655 2081 685 2130 et
700 2071 855 2130 formidine
869 2072 982 2131 crimen
995 2072 1128 2130 acerbat.

380 2165 542 2243 Nunquam
556 2166 684 2225 animam
696 2166 787 2224 talem
800 2163 907 2224 dextrd
920 2163 989 2236 uto,
1005 2165 1118 2224 absiste
1131 2163 1255 2239 moveri,

381 2259 510 2319 Amittes
526 2279 534 2330 ;
558 2260 671 2318 habitet
684 2267 793 2332 tecum,
808 2266 838 2317 et
850 2259 889 2317 sit
902 2267 1024 2336 pectore
1042 2259 1073 2316 in
1086 2258 1153 2316 isto.

421 2353 450 2412 N
454 2373 511 2412 uno
526 2353 563 2412 ad
577 2362 618 2425 te,
636 2362 664 2411 et
678 2361 731 2411 tua
745 2372 866 2431 magna,
883 2362 977 2431 pater,
995 2353 1132 2412 consulta
1144 2357 1288 2410 revertor.
1308 2351 1367 2410 410

382 2448 414 2507 Si
427 2448 538 2506 nullam
552 2449 660 2506 nostris
675 2445 752 2506 ultra
765 2465 849 2525 spem
861 2448 946 2526 ponis
959 2448 990 2506 iu
1003 2447 1104 2518 arnus,

382 2541 413 2599 Si
426 2549 487 2600 tam
500 2541 610 2600 deserti
623 2560 736 2613 sumus,
753 2550 782 2599 et
796 2542 889 2600 semel
903 2541 1020 2618 agmine
1034 2559 1122 2598 verso
1136 2588 1142 2605 ,
1210 2571 1214 2579 ·

380 2727 509 2787 Oremus
524 2746 638 2805 paoem,
652 2737 682 2786 et
696 2728 815 2788 dextras
828 2728 985 2802 tondamus
998 2727 1119 2785 inanes.

381 2819 572 2898 Quanquam,
588 2841 616 2892 o,
633 2821 659 2878 si
673 2821 766 2879 solitae
782 2820 942 2897 quidquem
956 2820 1072 2879 virtutis
1085 2819 1215 2894 adesset,
1308 2816 1366 2878 416

382 2913 436 2970 Ille
450 2914 520 2971 milri
535 2922 602 2971 ante
617 2915 702 2984 alios,
718 2913 946 2989 fortunatusque
960 2914 1106 2984 laborum,

380 2633 527 2692 Funditus
541 2635 715 2706 occidimus,
732 2653 830 2710 neque
844 2635 934 2692 habet
948 2634 1083 2692 Fortuna
1096 2649 1291 2712 regressum

380 3005 592 3083 Egregiusque
607 3006 706 3078 animi,
724 3007 784 3083 qui,
800 3025 838 3064 ne
853 3006 923 3082 quid
936 3007 996 3064 tale
1011 3006 1134 3077 videret,

379 3097 543 3156 Procubuit
557 3099 697 3170 moriens,
713 3108 743 3156 et
756 3100 877 3158 humum
891 3099 983 3157 semel
997 3118 1050 3158 ore
1065 3097 1230 3158 momordit.
1543 3118 1544 3177 i

335 3239 341 3265 ,
381 3191 433 3249 Sin
447 3199 477 3249 et
491 3211 563 3269 opes
576 3191 671 3262 nobis,
688 3200 718 3250 et
733 3192 830 3250 adhuc
844 3193 958 3250 intacta
967 3192 1119 3268 juventus,

381 3285 562 3363 Auxilioque
577 3289 667 3345 urbes
681 3287 765 3346 Italae
780 3288 940 3365 populique
953 3294 1111 3364 supersunt
1125 3305 1134 3357 ς
1307 3288 1367 3345 420

381 3381 433 3439 Sin
447 3387 476 3438 et
491 3379 632 3456 Trojenis
647 3401 714 3440 oum
729 3383 821 3440 multo
835 3379 933 3460 gloria
946 3381 1031 3438 venit

381 3474 533 3553 Sanguine
549 3493 556 3542 ;
582 3483 650 3532 sunt
664 3475 721 3533 illis
735 3495 791 3534 sua
805 3474 922 3546 funera,
938 3493 1052 3551 parque
1068 3492 1122 3550 per
1135 3491 1239 3532 omnes

260 3631 268 3642 ,
379 3567 556 3645 Tempestas
571 3587 579 3626 τ
602 3587 656 3626 cur
670 3567 826 3626 indecores
840 3568 870 3626 in
883 3568 983 3626 limine
997 3567 1092 3644 primo

379 3661 545 3722 Definimus
561 3663 572 3720 i
593 3682 648 3721 cur
661 3672 731 3721 ante
745 3665 848 3721 tubam
860 3671 972 3720 tremor
985 3671 1113 3740 occupat
1126 3669 1211 3720 artus
1225 3660 1237 3718 l

379 3754 476 3814 Multa
489 3754 563 3827 dies,
580 3755 714 3831 variique
729 3755 814 3813 labor
828 3756 977 3814 mutabilis
992 3755 1048 3814 aevi
1307 3754 1366 3814 425

379 3848 494 3906 Retulit
510 3850 538 3907 iu
552 3849 657 3906 melius
673 3868 680 3918 3
704 3849 812 3907 multos
825 3850 941 3907 alterna
954 3848 1089 3908 revisens
1465 3845 1470 3852 ’

379 3939 475 4013 Lusit,
492 3951 521 4000 et
535 3945 565 4000 in
579 3943 672 4000 solido
687 3961 790 4002 rursus
804 3941 940 4002 Fortuna
953 3943 1073 4003 locavit.

380 4035 409 4094 N
411 4055 449 4094 on
464 4036 519 4094 erit
533 4037 642 4096 auxilio
654 4039 740 4096 nobis
753 4038 888 4110 AEtolus,
904 4047 934 4097 et
947 4038 1042 4115 Arpi:

380 4130 420 4187 At
434 4128 592 4209 Messapus
607 4132 673 4202 erit,
690 4132 820 4208 felixque
834 4132 1020 4205 Tolumnius,
1036 4139 1067 4189 et
1081 4149 1157 4208 quos

379 4221 439 4286 Tot
453 4226 552 4302 populi
566 4225 673 4287 misire
688 4228 780 4286 duces
797 4248 805 4298 ;
827 4247 884 4286 nec
898 4227 984 4286 tarda
997 4236 1141 4304 sequetur
1306 4225 1365 4284 45⁰

379 4315 485 4376 Gloria
498 4318 630 4378 delectos
643 4319 731 4378 Latio
746 4331 774 4379 et
789 4321 989 4380 Laurentibus
1002 4319 1093 4399 agris.
