3167 5234
569 571 742 623 AENEIDOS
762 577 832 625 ΜΒ.
845 573 876 626 V.
1156 587 1211 644 177

229 711 337 774 Genua
350 710 452 771 labant
467 729 475 782 ;
498 721 599 772 vastos
614 715 707 790 quatit
722 735 804 794 ager
818 717 967 776 anhelitus
979 725 1074 778 artus.

228 805 324 868 Multa
338 805 393 864 viri
407 805 609 882 nequidquam
622 809 700 866 inter
713 827 746 866 se
761 797 888 869 vulnera
906 810 1031 887 jactant,

227 899 325 958 Multa
338 897 414 958 cavo
427 900 516 958 lateri
528 901 721 978 ingeminant,
738 911 768 961 et
782 910 904 980 pectore
917 913 1018 964 vastos

227 991 310 1052 Dant
324 991 437 1050 sonitus
452 1011 460 1061 ;
485 1001 626 1069 erratque
640 1013 730 1053 aures
744 1005 773 1054 et
787 1004 922 1073 tempora
935 997 1050 1056 circum
1154 999 1214 1057 4³5

229 1083 349 1146 Crebra
362 1103 467 1144 manus
480 1104 488 1155 ;
512 1085 587 1145 duro
599 1087 747 1164 crepitant
761 1090 816 1148 sub
831 1091 954 1148 vulnere
967 1090 1063 1149 malae.

230 1179 292 1237 Stat
306 1178 408 1256 gravis
421 1178 570 1250 Entellus,
586 1179 714 1256 nisuque
729 1181 866 1241 immotus
880 1182 995 1254 eudem,

231 1269 366 1348 Corpore
380 1272 441 1330 tela
454 1271 540 1330 modd
556 1281 645 1349 atque
660 1274 755 1332 oculis
769 1275 960 1354 vigilantibus
973 1277 1043 1336 exit.

230 1363 296 1436 ille,
312 1365 394 1423 velut
410 1364 523 1424 celsam
536 1375 687 1444 oppugnat
701 1367 752 1443 qui
765 1369 892 1426 molibus
905 1371 1022 1442 urbem,

230 1457 290 1516 Aut
308 1465 450 1516 montana
462 1457 547 1516 sedet
560 1459 675 1518 circum
689 1461 815 1518 castella
828 1462 884 1520 sub
898 1461 998 1532 armis,
1157 1463 1217 1520 440

232 1551 260 1610 N
264 1569 320 1610 unc
334 1551 400 1623 hos,
414 1569 495 1610 nuno
508 1552 574 1611 illos
589 1553 696 1625 aditus,
712 1571 889 1630 omnemque
903 1563 1038 1632 pererrat

231 1645 305 1703 Arte
325 1645 435 1717 locum,
451 1653 482 1704 et
495 1645 586 1704 variis
601 1647 763 1706 assultibus
776 1648 878 1706 irritus
892 1656 989 1726 urget.
1068 1671 1073 1683 ·

233 1734 370 1796 Ostendit
384 1737 518 1796 dextram
532 1738 691 1817 insurgens
709 1739 859 1811 Entellus,
874 1749 905 1798 et
919 1740 980 1800 alte

232 1829 345 1889 Extulit
360 1849 369 1901 ;
393 1831 443 1889 illc
462 1830 552 1890 ictum
566 1833 733 1892 venientem
746 1853 766 1891 a
778 1834 891 1893 vertice
905 1834 993 1892 velox

229 1921 382 1995 Proevidit,
399 1924 550 2000 celerique
564 1925 684 2002 elapsus
698 1945 824 2003 corpore
838 1927 939 1986 cessit.
1157 1929 1216 1986 445

231 2015 370 2075 Entellus
385 2016 465 2076 vires
485 2016 514 2074 in
528 2027 649 2078 ventum
663 2019 776 2091 effudit,
793 2027 824 2078 et
837 2021 916 2078 ultro

232 2107 299 2187 lpse
314 2109 417 2188 gravis
430 2111 622 2188 graviterque
636 2112 674 2171 ad
688 2120 800 2172 terram
813 2113 944 2190 pondere
957 2121 1042 2173 vasto

233 2200 393 2262 Concidit:
416 2212 448 2262 ut
463 2203 611 2280 quondam
624 2223 700 2263 cava
714 2206 854 2277 concidit,
869 2215 921 2264 aut
938 2205 1136 2284 Erymantho,

232 2293 293 2354 Aut
311 2295 366 2354 ldt
378 2297 409 2354 in
424 2295 545 2374 magnis,
561 2297 713 2358 radicibus
726 2310 812 2357 eruta
826 2299 922 2376 pinus.

232 2387 428 2468 Consurgunt
442 2389 547 2448 studiis
560 2390 674 2449 Teucri
687 2399 718 2450 et
730 2391 890 2450 Trinacria
903 2394 998 2469 pubes
1010 2411 1020 2462 3
1159 2392 1220 2450 450

232 2480 260 2540 lt
273 2482 387 2540 clamor
399 2483 477 2541 coeln
492 2501 500 2552 ;
525 2483 694 2560 primusque
709 2484 838 2542 accurrit
851 2486 992 2556 Acestes,

231 2574 474 2651 AEquaevumqua
489 2577 525 2634 ab
540 2576 629 2635 humo
644 2576 789 2634 miserans
804 2578 910 2636 attollit
924 2578 1061 2638 amicum.

174 2693 178 2706 ·
233 2669 283 2739 At,
299 2687 359 2726 non
371 2668 507 2727 tardatus
520 2687 593 2728 casu
607 2687 705 2746 neque
720 2669 852 2741 territus,
868 2669 957 2729 heros

233 2762 342 2821 Acrior
356 2761 395 2820 ad
408 2783 537 2840 pugnam
551 2763 638 2834 redit,
655 2782 691 2822 ac
705 2764 764 2822 vim
777 2764 902 2822 suscitat
920 2765 965 2823 ira
978 2783 986 2836 ς

231 2854 312 2916 Tum
329 2854 424 2932 pudor
437 2855 567 2916 incendit
580 2857 670 2928 vires,
687 2865 716 2914 et
730 2857 853 2916 conscia
866 2858 981 2916 virtus:
1160 2857 1219 2916 455

232 2948 481 3026 Praecipitemque
495 2950 600 3008 Daren
615 2948 722 3008 ardens
736 2951 799 3027 agit
813 2969 933 3026 aequore
946 2959 1020 3022 toto,

233 3041 325 3101 Nunc
337 3039 444 3100 dextri
457 3041 643 3120 ingeminans
657 3043 744 3113 ictus,
760 3033 841 3102 nnuc
855 3044 904 3102 ille
917 3041 1047 3103 sinistri„

231 3133 262 3194 N
264 3153 301 3194 ec
314 3153 409 3207 mora,
424 3155 480 3194 nec
495 3135 625 3211 requies.
668 3136 770 3202 Quam
784 3136 879 3195 multia
890 3137 1036 3215 grandine
1049 3134 1142 3196 nimbi

233 3226 425 3287 Culminibus
438 3229 583 3305 crepitant
596 3247 604 3297 ;
628 3228 673 3287 sic
687 3229 787 3288 densis
800 3230 909 3288 ictibus
922 3230 1012 3288 heros

232 3321 353 3382 Creber
367 3319 494 3397 utrique
508 3340 597 3379 manu
612 3323 708 3398 pulsat
723 3336 883 3398 versatque
896 3322 1022 3381 Dareta.
1161 3322 1221 3380 460

271 3413 352 3480 Tum
366 3422 450 3501 ppter
462 3413 583 3472 AEneas
596 3415 758 3491 procedere
773 3416 891 3493 longius
904 3415 976 3485 iras,

231 3506 275 3566 Et
290 3508 395 3566 saevire
411 3508 516 3566 animis
529 3508 681 3566 Entellum
695 3509 774 3568 haud
789 3528 894 3586 passus
909 3509 1026 3567 acerbis
1039 3527 1049 3580 3

233 3601 296 3660 Sed
313 3601 402 3660 finem
415 3601 552 3679 imposuit
569 3620 686 3679 pugnas,
703 3602 873 3679 sessumque
887 3602 1004 3662 Dareta
1042 3647 1046 3655 ,

231 3692 364 3771 Eripuit,
379 3693 514 3770 mulcens
527 3694 615 3752 dictis
628 3714 636 3763 ;
660 3713 696 3752 ac
709 3695 781 3753 talia
796 3695 893 3754 satur:

230 3785 362 3846 Infelix!
385 3805 451 3862 qum
468 3795 552 3846 tauta
570 3788 698 3846 animum
713 3788 863 3846 dementia
875 3788 976 3864 cepit!
1071 3809 1075 3816 ·
1162 3787 1221 3845 465

230 3879 260 3938 N
263 3898 303 3938 on
316 3879 397 3936 vires
417 3878 502 3951 alias,
518 3899 722 3956 conversaque
736 3880 870 3950 numina,
885 3878 1002 3938 acutis?
1039 3931 1046 3942 Ι

232 3970 320 4032 Cede
335 3971 402 4030 deo.
443 3971 597 4049 Dixitque,
614 3983 643 4031 et
657 3973 764 4050 proelia
776 3991 852 4031 voce
866 3971 997 4030 diremit.
1071 3972 1075 3980 '

230 4065 289 4124 Ast
304 4065 388 4124 illum
402 4065 452 4124 fidi
466 4068 609 4142 equales,
625 4084 725 4144 genua
739 4084 821 4143 tegra
834 4064 1011 4136 trahentem,

230 4157 465 4235 Jactantemque
481 4159 607 4237 utrdque
621 4168 721 4236 caput,
738 4177 932 4234 crassumque
946 4175 1085 4218 cruorem

227 4241 295 4312 Ore
311 4252 503 4327 ejectantem,
519 4253 684 4329 mixtosque
699 4253 728 4310 in
743 4252 888 4329 sanguine
902 4251 1018 4323 dentes,
1160 4253 1220 4312 470

228 4345 359 4406 Ducunt
374 4346 412 4405 ad
430 4366 543 4406 naves:
565 4348 742 4426 galeamque
757 4365 919 4423 ensemque
933 4345 1032 4406 vocati

876 4457 905 4496 w
