3167 5234
538 549 764 599 GEORGICON
781 549 852 597 ΗΒ.
867 548 903 598 ΙΙ..

223 694 253 755 N
255 712 292 753 ec
304 688 392 751 casib
405 688 510 767 liquidi
523 688 723 766 corrumpitur
736 707 810 747 usus
823 687 893 747 olivi
907 706 914 745 ι

223 790 264 849 At
278 805 388 845 secura
402 784 499 861 quies,
515 793 545 841 et
557 784 662 842 nescia
674 783 779 841 fallere
793 782 865 853 vita,

223 882 319 941 Dives
332 898 423 958 opum
437 878 588 936 variarum
602 896 611 947 ;
635 886 666 935 at
679 877 748 937 latis
761 877 824 935 otia
836 876 945 947 fundis,

225 973 394 1053 Speluncae,
411 972 531 1048 rivique
545 971 631 1029 lacus
645 990 654 1040 ;
678 980 708 1029 at
721 970 831 1049 frigida
842 970 968 1048 Tempe,

223 1068 421 1147 Mugitusque
435 1067 536 1137 boum,
551 1065 716 1141 mollesque
729 1066 784 1123 sub
800 1066 907 1123 arbore
921 1063 1027 1135 somni,
1155 1064 1215 1123 470

225 1161 294 1221 Non
308 1162 418 1219 absunt
430 1178 439 1229 3
462 1160 525 1218 illic
538 1160 633 1217 saltus
646 1176 683 1217 ac
696 1159 792 1217 lustra
806 1158 947 1229 serarum,

224 1254 265 1314 Et
279 1254 396 1332 patiens
410 1272 532 1331 operum
547 1253 717 1330 exiguique
732 1260 853 1311 assuete
869 1252 1023 1327 juventus,

226 1350 322 1408 Sacra
334 1344 433 1418 deirm,
449 1347 605 1422 sanctique
620 1355 720 1424 putres
735 1364 744 1401 t
766 1355 900 1405 extrema
913 1364 967 1423 per
980 1344 1047 1403 illos

225 1441 348 1502 Justitia
361 1441 511 1500 excedens
524 1439 614 1499 terris
627 1440 754 1518 vestigia
766 1439 847 1499 fecit.

263 1536 319 1595 Me
332 1534 404 1594 verb
418 1535 543 1613 primum
558 1535 662 1593 dulces
675 1544 744 1617 ante
758 1534 859 1591 omnia
872 1532 981 1605 Musa,
1156 1530 1215 1591 475

227 1628 361 1697 Quarum
380 1648 470 1687 sacra
481 1628 546 1688 sero
559 1629 672 1706 ingenti
686 1645 850 1705 percussus
863 1645 975 1697 amore,

225 1722 384 1800 Accipiunt
399 1742 408 1793 ;
432 1723 562 1799 coelique
575 1724 641 1781 uias
654 1731 684 1781 et
697 1721 798 1779 sidera
815 1726 988 1791 monstrent,

224 1814 373 1875 Defectus
386 1816 458 1876 solis
471 1816 581 1887 varios,
595 1815 733 1891 lunaeque
748 1815 868 1873 labores
887 1832 895 1883 ;

225 1908 312 1969 Unde
325 1919 437 1969 tremor
450 1911 538 1968 terris
553 1929 562 1979 ;
586 1906 647 1985 qud
660 1909 690 1967 vi
704 1908 800 1967 maria
814 1908 874 1967 alta
887 1916 1056 1966 tumescant

224 2002 382 2079 objicibus
395 2004 500 2081 ruptis,
515 2020 680 2078 rursusque
695 2002 726 2061 in
739 2021 773 2061 se
787 2002 853 2079 ipsa
866 2000 998 2059 residant
1012 2019 1021 2071 3
1155 2002 1215 2061 480

227 2095 307 2163 Quid
319 2097 436 2155 tantum
449 2116 563 2155 oceano
578 2104 737 2173 properent
749 2114 783 2153 se
797 2096 914 2173 tingere
929 2094 1009 2153 soles

225 2189 366 2263 Hiberni,
381 2191 430 2249 uel
445 2210 512 2267 quoe
525 2190 620 2249 tardis
632 2209 717 2249 mora
729 2190 868 2248 noctibus
881 2191 989 2249 obstet.

226 2284 288 2355 Sin,
304 2284 361 2343 has
374 2303 413 2343 ne
426 2284 537 2361 possim
549 2292 665 2343 naturae
679 2282 826 2341 accedere
841 2292 952 2360 partes,

225 2376 368 2456 Frigidus
380 2377 527 2436 obstiterit
541 2377 655 2436 circum
668 2376 835 2454 precordia
848 2375 992 2455 sanguis;

224 2468 312 2531 Rura
324 2470 396 2530 mibi
409 2480 439 2529 et
452 2470 532 2549 rigui
545 2471 683 2548 placeant
697 2470 728 2528 in
741 2470 869 2528 vallibus
883 2488 1006 2539 amnes3
1155 2471 1214 2527 486

225 2564 366 2623 Flumina
379 2583 475 2623 amem
488 2565 638 2640 silvasque
652 2562 807 2641 inglorius.
849 2563 887 2634 Ο,
904 2563 955 2621 ubi
969 2562 1076 2641 campi,

226 2660 466 2737 Spercheosque,
482 2667 512 2717 et
525 2659 691 2736 virginibus
704 2657 853 2716 bacchata
865 2657 1007 2717 Lacaenis

225 2752 366 2832 Taygeta
381 2758 388 2811 ἔ
410 2754 507 2830 o,’qui
523 2772 572 2812 me
585 2752 693 2831 gelidis
705 2752 736 2810 in
750 2752 877 2811 vallibus
890 2751 992 2811 Haemi

227 2846 328 2919 Sistat,
345 2856 376 2905 et
389 2847 503 2925 ingenti
516 2864 666 2905 ramorum
680 2854 819 2923 protegat
833 2844 957 2905 umbri!

263 2940 363 3012 Felix,
380 2942 431 3017 qui
445 2942 539 3017 potuit
551 2957 653 2999 rerum
666 2958 851 3017 cognoscere
865 2958 986 3012 causas,
1154 2941 1214 2999 490

225 3033 327 3110 Atque
343 3042 441 3093 metus
454 3052 558 3092 omnes
571 3040 602 3091 et
619 3032 803 3092 inexorabile
817 3032 910 3091 fatum

226 3129 361 3204 Subjecit
375 3128 512 3205 pedibus,
527 3127 742 3204 strepitumque
755 3126 936 3185 Acherontis
950 3125 1055 3187 avam!

224 3220 410 3281 Fortunatus
423 3230 454 3279 et
467 3220 529 3293 ille,
544 3220 617 3277 deos
632 3220 776 3296 quinovit
790 3229 937 3298 agrestes,

223 3314 382 3392 Panaque,
399 3315 610 3390 Silvanumque
624 3332 738 3385 senem,
753 3313 969 3391 Nymphasque
983 3315 1124 3375 sorores!

225 3398 314 3467 llluin
327 3428 387 3466 non
401 3408 502 3486 populi
515 3407 625 3478 fasces,
641 3426 700 3465 non
716 3425 847 3484 purpura
859 3426 965 3486 regum
1154 3407 1212 3466 495

224 3502 336 3573 Fleuit,
353 3510 382 3559 et
396 3502 503 3559 infidos
516 3501 634 3579 agitans
648 3500 797 3559 discordia
814 3490 933 3573 fratres,

224 3596 288 3655 Aut
304 3596 459 3671 conjurato
472 3594 658 3653 descendens
670 3594 778 3653 Decus
791 3596 829 3654 ab
843 3595 921 3654 Istro
935 3614 943 3665 ;

224 3689 297 3748 Non
310 3708 360 3747 res
372 3690 529 3759 Romanae,
545 3688 736 3765 perituraque
751 3708 847 3767 regne
862 3707 869 3744 :
892 3706 991 3764 neque
1004 3688 1054 3747 ille

223 3784 287 3841 Aut
300 3781 393 3841 doluit
406 3781 553 3841 miserans
566 3782 694 3859 inopem,
710 3791 762 3841 aut
776 3782 878 3841 invidit
892 3780 1022 3841 habenti.

224 3875 312 3944 Quos
326 3876 402 3933 rami
416 3874 541 3947 fructus,
558 3894 633 3952 quos
646 3879 713 3953 ipsa
725 3875 858 3935 uolentia
870 3892 943 3933 rura
1153 3874 1212 3933 500

225 3969 337 4047 Sponte
350 3968 448 4028 tulare
461 3967 529 4041 sub,
544 3970 674 4047 carpsit:
697 3988 755 4029 nec
769 3969 868 4027 ferrea
884 3967 965 4043 jura,
1279 3972 1283 3977 '

224 4060 429 4141 Insanumque
443 4063 549 4136 forum,
565 4072 617 4123 aut
631 4063 732 4142 pop'uli
744 4062 893 4121 tabularia
906 4061 987 4123 vidit.

184 4224 189 4243 ¹
265 4157 432 4216 Sollicitant
446 4158 497 4217 alii
511 4158 601 4217 remis
614 4158 691 4217 freta
704 4174 798 4228 caca,
814 4164 962 4232 ruuntque

224 4248 260 4309 ln
274 4250 397 4324 serrum,
414 4260 571 4331 penetrant
591 4252 677 4310 aulas
690 4259 720 4309 et
733 4250 835 4309 limina
848 4268 953 4330 regum
968 4270 976 4309 ι

223 4340 286 4404 Hic
300 4346 372 4425 petit
387 4346 513 4406 excidiis
526 4348 631 4407 urbem
644 4346 828 4423 miserosque
841 4344 983 4417 Penates,
1153 4340 1212 4401 506
