3167 5234
493 574 495 579 ,
528 540 754 594 eucnemon
773 542 844 590 [ΑΒ.
858 542 905 589 1v.

221 682 300 746 Cum
314 681 424 760 quibus
438 680 490 739 illa
503 681 611 741 choros
624 681 701 741 lucis
714 681 848 760 agitabat
861 682 892 740 in
905 681 984 754 cltis,

219 778 353 839 Exitium
366 772 477 835 misire
492 776 606 853 apibus.
649 775 697 835 Tu
713 794 839 835 munera
851 776 978 853 supplex

218 872 325 931 Tende
339 878 446 950 petens
460 888 576 947 pacem,
592 880 622 929 et
637 870 742 929 faciles
757 889 903 929 venerare
921 871 1074 948 Napaeas:

218 966 359 1041 Namque
374 964 487 1025 dobunt
502 964 619 1023 veniam
633 966 719 1035 votis,
730 964 857 1041 irasque
870 964 1029 1028 remittent.

219 1058 290 1130 Sed,
306 1058 413 1117 modus
426 1058 530 1115 orandi
547 1058 597 1134 qui
611 1059 659 1129 ait,
676 1058 758 1136 prius
771 1058 875 1117 ordine
889 1048 997 1118 dicam.

220 1152 362 1221 Quatuor
374 1152 499 1211 eximios
513 1152 670 1229 praestanti
681 1172 807 1230 corpore
820 1160 935 1224 tauros,

220 1246 282 1313 Qui
295 1247 350 1305 tihi
363 1264 443 1305 nunc
457 1246 561 1304 viridis
574 1241 740 1323 depascunt
754 1259 869 1304 summe
882 1244 998 1323 Lycaei,

218 1339 341 1418 Delige‚
358 1349 388 1398 et
403 1338 515 1398 intacti
527 1340 650 1399 totidem
664 1340 783 1399 cervice
800 1342 959 1416 juvencas.

220 1434 361 1501 Quatuor
374 1434 421 1492 his
435 1453 506 1491 aras
520 1435 581 1493 alta
595 1434 632 1491 ad
646 1434 772 1492 delubra
786 1434 911 1492 dearum

221 1526 392 1599 Constitue,
408 1536 439 1586 et
452 1547 572 1586 sacrum
589 1528 703 1606 jugulis
717 1528 839 1587 demitte
853 1548 1001 1601 cruorem,

221 1620 420 1699 corporaque
435 1622 499 1699 ipsa
514 1622 603 1681 boum
617 1622 757 1681 frondoso
771 1622 878 1681 desere
892 1623 971 1681 luen.

219 1714 304 1788 Pdst,
320 1716 371 1775 uhi
385 1736 465 1775 nona
479 1736 551 1775 suos
564 1718 685 1775 Aurora
697 1718 862 1776 ostenderit
880 1726 974 1789 ortus,

220 1808 347 1869 Inferius
360 1810 475 1887 Orphei
489 1810 616 1869 Lethaea
631 1828 782 1889 papavera
795 1811 905 1882 mittes,

217 1903 376 1963 Placatam
390 1904 566 1981 Eurydicen
579 1904 674 1964 vituld
686 1908 873 1963 venerabere
887 1904 980 1977 esst,

219 1998 259 2058 Et
273 2000 392 2077 nigram
405 1999 551 2057 mactabis
565 2018 662 2070 ovem,
679 1999 839 2075 lucumque
855 1999 1004 2059 revises.”

258 2092 355 2151 Haud
366 2110 474 2162 mom
490 2092 632 2151 continub
648 2094 752 2151 matris
764 2102 915 2171 praecepta
930 2094 1062 2154 lacessit.

219 2186 268 2246 hd
281 2186 409 2245 delubra
422 2188 502 2245 venit
519 2207 526 2257 ;
550 2180 731 2247 monstratas
745 2188 857 2245 excitat
870 2206 940 2246 aras
954 2206 962 2259 3

220 2280 362 2349 Quatuor
375 2281 498 2339 eximios
512 2282 666 2359 praestanti
679 2300 806 2359 corpore
824 2290 929 2340 tauros

218 2373 323 2448 Ducit,
341 2384 371 2433 et
385 2374 499 2434 intactd
511 2375 634 2433 totidem
649 2376 768 2433 cervice
786 2376 943 2450 juvencas.
1045 2401 1047 2404 ·

218 2466 303 2541 Post,
319 2469 371 2527 ubi
384 2488 465 2527 nona
478 2488 550 2527 suos
563 2470 684 2527 Aurora
698 2468 855 2527 induxerat
869 2482 963 2541 ortus,

219 2562 349 2622 Inferias
363 2563 477 2639 Orphei
490 2563 587 2635 mittit,
604 2564 765 2639 lucumque
780 2563 892 2622 revisit.

219 2655 283 2716 Hic
298 2656 371 2717 verb
385 2658 515 2717 subitum
530 2676 567 2716 ac
581 2658 663 2715 dictu
677 2656 812 2715 mirabile
826 2666 991 2716 monstrum

219 2750 408 2828 Adspiciunt,
424 2751 587 2828 liquefacta
600 2753 689 2809 houm
705 2751 889 2828 perviscera
906 2758 970 2809 toto

221 2844 354 2903 Stridere
369 2864 441 2922 apes
453 2852 551 2916 utero,
568 2852 597 2902 et
612 2846 706 2922 ruptis
721 2844 869 2903 effervere
882 2847 975 2904 costis
990 2864 999 2915 3

219 2934 447 3015 Immensasqua
461 2939 539 2996 trahi
554 2939 661 3009 nubes,
680 2939 803 3015 jamque
817 2940 925 2997 arbore
940 2938 1056 2999 summi

221 3028 396 3105 confluere,
413 3040 442 3090 et
457 3032 546 3091 lentis
560 3050 649 3091 uvam
662 3032 818 3091 demittere
832 3034 932 3093 ramis.
1046 3040 1049 3045 '

257 3220 339 3281 Haec
353 3239 445 3299 super
458 3238 598 3279 arvorum
612 3221 694 3279 cultu
708 3238 911 3298 pecorumque
925 3222 1082 3297 canebam,

219 3314 259 3375 Et
273 3334 367 3392 super
380 3315 549 3387 arboribus,
566 3314 674 3374 Caesen
686 3315 756 3373 dum
770 3331 898 3393 magnus
911 3315 950 3373 ad
964 3316 1055 3377 altum

219 3406 372 3467 Fulminat
385 3408 563 3485 Euphraten
577 3408 667 3480 be'llo,
684 3408 839 3484 victorque
853 3408 988 3468 volentes

219 3501 281 3562 Per
294 3502 420 3579 populos
434 3502 485 3560 dat
501 3502 582 3578 jura,
596 3503 735 3579 viamque
755 3502 876 3560 affectat
889 3502 1027 3582 Olympo.

220 3594 279 3654 Illo
291 3595 451 3673 Virgilium
464 3614 512 3653 me
526 3603 660 3673 tempore
674 3596 770 3655 dulcia
785 3598 884 3655 alebat

218 3688 421 3767 Parthenope,
438 3690 544 3748 studiis
557 3690 712 3748 florentem
727 3690 866 3768 ignobilis
880 3690 922 3749 otl
938 3710 946 3760 3

220 3781 368 3844 Carmina
381 3784 432 3861 qui
446 3784 504 3843 lusi
517 3796 681 3862 pastorum,
698 3784 856 3860 audaxque
873 3782 1010 3859 juventii,

219 3876 336 3956 Tityre,
351 3887 382 3937 te
396 3878 505 3956 patulae
519 3878 616 3938 cecini
630 3881 685 3938 sub
699 3878 831 3957 tegmine
845 3877 916 3956 lagi.

500 4164 544 4221 8*
895 4178 914 4219 r.
