3167 5234
541 573 742 622 Eteoclea,
776 568 859 624 ἘΒΗ
885 575 932 623 ix.
1190 577 1230 638 29

242 713 368 792 Propter
383 732 469 790 aqum
483 713 578 772 riuum
592 713 678 772 viridi
689 714 855 792 procumbit
868 715 899 774 in
913 711 984 773 uiui

242 807 372 878 Perdita,
387 825 444 866 uec
458 825 535 868 cerm
548 807 677 866 meminit
691 807 840 868 decedere
852 809 934 866 nocti
949 826 958 877 3

241 902 325 960 Talis
339 919 422 958 amor
434 908 547 972 teneat,
563 920 620 959 nec
633 903 671 960 eit
685 902 756 960 mihi
769 921 845 960 cura
858 901 979 960 mederi.

241 995 352 1054 Ducite
366 995 403 1052 ab
418 995 493 1053 urbe
506 994 635 1066 domum,
651 1013 718 1053 mea
731 996 876 1066 carmina,
891 995 991 1053 ducite
1005 992 1156 1073 Daphnin.
1189 995 1229 1053 90

279 1087 348 1147 Hae
361 1088 430 1146 olim
444 1088 566 1147 exuviae
579 1088 650 1147 mihi
661 1075 791 1166 perfidus
806 1087 855 1146 iiie
869 1087 998 1164 reliquit,

240 1179 373 1260 Pignora
387 1181 520 1240 caracui
537 1199 544 1250 ;
570 1199 636 1257 quae
650 1201 730 1240 cunc
744 1200 813 1259 ego,
829 1180 928 1240 limine
942 1180 1063 1258 inipso,

241 1274 349 1345 Terra,
364 1274 417 1333 tibi
431 1273 537 1332 mando
553 1293 560 1330 :
583 1275 692 1332 debent
706 1275 772 1334 haec
786 1275 913 1352 pignora
926 1273 1078 1351 Daphnin.

241 1367 351 1426 Ducite
367 1369 403 1426 ab
417 1369 490 1426 urbe
504 1368 632 1439 domum,
649 1386 716 1426 mea
731 1368 874 1438 carmina,
889 1367 989 1426 ducite
1002 1366 1154 1444 Daphnin.

280 1460 349 1518 Hae
362 1457 482 1532 herbae,
499 1469 589 1536 atque
603 1461 668 1520 hmo
682 1461 778 1519 Ponto
792 1461 863 1522 mihi
877 1462 956 1519 tecta
969 1478 1097 1531 uenena,
1188 1461 1228 1520 95

242 1551 311 1632 lpee
323 1553 403 1612 dedit
417 1553 524 1622 Moeris
537 1573 545 1622 3
567 1563 732 1614 nascuntur
745 1553 872 1631 piurima
884 1554 990 1612 Ponto
1008 1550 1012 1564 “

242 1646 302 1706 Hie
315 1667 372 1725 ego
385 1647 465 1724 aaepd
479 1647 579 1726 lupum
594 1647 669 1718 fieri,
686 1655 715 1704 et
729 1665 762 1706 ee
776 1645 906 1704 condere
919 1646 1002 1705 eiiria

242 1739 362 1812 Moerin,
381 1741 460 1818 sepe
474 1741 588 1799 animae
602 1740 668 1798 imis
681 1740 781 1798 excire
796 1740 952 1818 sepulcris,

242 1834 341 1910 Atque
355 1847 437 1892 eatae
451 1833 510 1892 alid
524 1833 583 1892 vidi
596 1834 754 1894 traducere
769 1853 892 1894 mesces.

242 1927 352 1987 Ducite
366 1930 404 1987 ab
419 1930 493 1988 urbe
506 1929 633 2000 domum,
649 1947 716 1987 mea
730 1929 875 2000 carmina,
890 1929 991 1988 ducite
1003 1928 1155 2008 Daphnin.
1171 1932 1228 1990 100

279 2022 341 2080 Fer
354 2022 483 2094 cineres,
498 2023 653 2100 Amarylli,
669 2023 759 2094 sorae,
776 2023 900 2099 rivoque
914 2023 1017 2081 fluenti

243 2115 400 2192 Tranaque
414 2125 504 2194 caqut
513 2117 582 2192 jace
598 2135 606 2185 ;
629 2135 687 2175 nec
700 2117 879 2193 respexeris.
918 2115 977 2174 Hie
992 2135 1050 2194 ego
1062 2115 1207 2196 Daphnin

243 2209 412 2288 Aggredior
427 2228 434 2266 :
456 2210 528 2268 nihil
542 2209 592 2268 iile
603 2209 685 2282 dece,
700 2209 741 2268 nii
755 2211 899 2282 carmina,
914 2221 1009 2269 curat.

242 2300 352 2362 Ducite
367 2304 403 2360 ab
419 2305 491 2362 urbe
505 2303 633 2375 domum,
649 2322 716 2362 mee
729 2304 872 2375 carmine,
888 2303 988 2363 ducite
1001 2303 1152 2384 Daphnin.

280 2397 410 2473 Adspice
426 2415 433 2454 :
456 2397 598 2474 corripuit
611 2397 744 2456 tremulis
759 2397 866 2456 aitaria
877 2396 1004 2454 flammis
1171 2399 1227 2456 105

244 2493 353 2568 Sponte
366 2494 433 2564 eud,
448 2492 518 2554 dum
532 2492 611 2550 ferre
625 2511 734 2562 moror,
751 2493 828 2550 cinis
840 2493 914 2570 ipre.
955 2492 1073 2551 Bonum
1085 2492 1144 2552 ait!

243 2587 354 2646 Nescio
368 2587 437 2664 quid
450 2587 534 2646 certe
549 2596 595 2645 eet
611 2607 619 2657 ;
642 2595 671 2645 et
685 2586 789 2663 Hylax
803 2587 834 2646 in
847 2587 949 2646 limine
962 2588 1061 2649 latrat.

244 2679 401 2740 Credimus
417 2680 428 2736 ἲ
450 2700 499 2752 an,
517 2682 567 2758 qui
582 2688 692 2751 ament,
709 2679 764 2758 ipei
778 2679 835 2738 eibi
848 2681 963 2739 comnia
975 2682 1090 2760 fingunt
1105 2681 1117 2738 ,θ

242 2772 372 2852 Parcite,
387 2776 425 2832 ab
440 2776 514 2832 urbe
531 2775 621 2846 venit,
632 2773 695 2850 jam
709 2773 834 2852 parcite,
851 2773 995 2846 carmina,
1010 2775 1157 2854 Daphnis.

593 3137 784 3204 ECLOGA
808 3137 868 3202 1x.

597 3281 600 3286 ¹
668 3275 803 3324 nouus.

665 3411 805 3454 ΠΟΙΜΙ.

243 3515 314 3584 Qod
327 3525 369 3589 te,
384 3517 485 3590 Moeri,
502 3517 593 3595 pedes
609 3517 620 3576 ἰ
642 3536 691 3588 au,
708 3516 767 3593 qud
781 3518 831 3576 ria
842 3517 934 3590 ducit,
949 3517 981 3577 in
993 3518 1097 3578 urbem
1111 3517 1122 3576 i

673 3691 787 3734 MOERIS.

241 3795 271 3854 Ο
283 3794 410 3872 Lycida,
426 3795 483 3858 vivi
497 3797 694 3875 pervenimus,
711 3797 828 3857 advena
839 3798 933 3858 noetri

242 3887 347 3966 (Quod
361 3908 511 3966 uunquam
525 3890 610 3950 veriti
623 3893 739 3970 eumue)
754 3900 786 3952 ut
801 3910 956 3969 pceeeaecr
969 3891 1060 3970 agelli

241 3981 377 4054 Diceret,
396 3983 504 4048 ‘'Heec
522 4003 590 4044 mea
603 3992 693 4054 eunt3
716 3993 846 4056 veterec,
861 3985 998 4064 migrate,
1014 3987 1146 4048 coloni.’'

242 4074 425 4148 Nuucvicti,
440 4077 551 4150 trietee,
568 4078 706 4155 quonium
719 4077 1033 4153 Foreomaiarereat,
1204 4081 1225 4138 6

241 4166 310 4226 Hor
323 4168 365 4227 illi
380 4169 473 4248 (quod
486 4191 543 4230 aec
557 4173 633 4230 bene
647 4179 743 4230 uertat
758 4173 780 4251 !)
802 4173 943 4232 mittimur
955 4173 1066 4234 heedoe.

660 4347 800 4392 LYGIDAS.

243 4448 335 4511 Certi
350 4451 488 4530 equidem
501 4452 666 4528 audieram,
682 4451 743 4532 qud
755 4473 789 4514 ae
802 4454 971 4515 subducere
984 4453 1078 4515 colles

576 4551 596 4606 3
606 4549 624 4587 e
