3167 5234
345 542 383 598 66
644 539 670 586 Ρ.
684 539 849 587 vtnulmt
867 541 1038 590 bssllolffl

346 673 483 753 Ccrpere
496 695 564 735 mox
577 697 684 756 gyrum
700 678 833 757 incipiat,
848 680 1051 758 gradibusque
1064 698 1172 738 sonere

345 767 537 848 Compositis,
553 772 710 849 sinuetque
725 774 841 832 sltem
853 774 1003 832 volumine
1015 793 1148 845 crurum,

346 863 449 939 Sitque
463 864 611 923 leboreuti
628 865 731 924 similis
746 885 755 935 3
779 875 841 924 tum
854 868 993 925 cursibus
1006 887 1107 939 eurus,

344 955 424 1014 Tum
438 965 525 1016 vocet
540 977 549 1027 3
572 978 608 1017 ec
622 977 676 1036 per
689 967 795 1036 eperte
806 960 920 1031 volens,
936 979 993 1018 ceu
1006 960 1084 1018 liber
1095 960 1231 1033 habenis,

344 1047 497 1125 AEquore,
513 1051 562 1110 vix
579 1050 696 1110 summi
708 1052 837 1130 vestigio
848 1061 937 1130 ponet
950 1051 1057 1110 areni.
1276 1056 1333 1112 195

346 1140 454 1208 Qualis
468 1141 677 1220 Hyperboreis
689 1145 800 1220 Aquilo
813 1164 904 1220 quum
917 1145 1028 1202 densus
1041 1146 1080 1202 eb
1093 1143 1156 1203 oris

345 1231 495 1306 Incubuit,
511 1237 701 1313 Scythiaeque
715 1237 829 1295 hiemes
842 1247 932 1315 etque
946 1237 1031 1296 eride
1042 1237 1141 1296 differt

345 1325 374 1386 N
377 1329 459 1386 ubilu
471 1348 478 1386 :
500 1337 563 1388 tom
576 1339 697 1410 segetes
711 1332 778 1390 sltse
792 1332 949 1408 cempique
962 1339 1101 1389 nutantes

344 1419 479 1481 Lenibus
492 1422 671 1482 horrescunt
689 1424 803 1495 flabris,
818 1442 1001 1500 summeque
1014 1442 1153 1482 sonorem

344 1513 427 1574 Dent
441 1515 535 1588 silvie,
551 1516 692 1596 longique
707 1525 815 1596 urgent
829 1517 867 1574 ed
880 1517 981 1574 littore
993 1517 1102 1576 linctus
1117 1536 1125 1574 ε
1271 1518 1331 1575 200

346 1607 401 1666 llle
415 1609 505 1681 volet,
522 1611 609 1668 simul
623 1631 697 1669 erse
710 1611 792 1689 fugis,
809 1610 895 1668 simul
910 1630 1033 1687 sequere
1045 1629 1178 1670 verrens.

384 1701 447 1761 Hic
461 1703 509 1761 vel
524 1703 561 1761 ed
578 1703 647 1762 Elei
665 1713 760 1762 metus
775 1712 806 1762 et
818 1704 948 1762 maxime
960 1704 1058 1781 eempi

346 1795 471 1853 Sudubit
484 1797 592 1874 sputis,
608 1805 638 1855 et
651 1816 772 1875 spumas
786 1806 858 1874 eget
869 1815 922 1854 ore
936 1805 1078 1856 cruentes
1092 1815 1101 1866 3

344 1885 471 1966 Belgica
485 1889 532 1947 vel
546 1889 626 1948 molli
640 1890 746 1948 mellite
759 1890 836 1948 leret
849 1889 958 1948 essede
970 1890 1068 1950 collo..

345 1980 425 2040 Tum
438 1982 556 2042 demum
569 1985 673 2042 cressi
687 2002 828 2064 maguum
841 1983 993 2061 semgine
1007 2002 1117 2061 corpus
1273 1984 1333 2042 205

346 2073 497 2136 Crescere
514 2079 578 2154 jem
591 2078 708 2136 domitis
722 2079 810 2136 sinito
825 2097 833 2148 3
856 2097 986 2154 nemque
1001 2085 1071 2136 ente
1084 2075 1264 2137 demendum

346 2167 488 2248 Ingentes
502 2172 605 2230 tollent
619 2172 743 2244 enimes,
759 2171 919 2250 prensique
934 2172 1088 2248 negabunt

345 2263 484 2322 Verbere
497 2265 577 2322 lente
591 2265 662 2343 peti,
679 2273 708 2322 et
723 2265 805 2322 duris
818 2283 925 2342 perere
944 2263 1063 2340 lupatis.

385 2358 444 2416 Sed
459 2378 518 2416 non
531 2359 593 2416 ullu
606 2357 703 2436 magis
715 2358 796 2416 vires
811 2358 956 2415 industrie
970 2358 1077 2428 firmet,

346 2451 445 2520 Quem
459 2451 610 2510 Venerem
624 2459 655 2510 et
668 2451 744 2510 caeci
757 2451 892 2509 stimulos
904 2458 1041 2509 evertere
1056 2449 1176 2521 umore,
1271 2451 1331 2508 eto

346 2545 414 2604 Sive
429 2546 528 2616 boum,
544 2545 606 2604 sive
621 2553 667 2603 est
680 2545 729 2602 cui
743 2543 858 2622 gratior
871 2563 944 2602 usus
957 2561 1112 2619 equorum.

344 2639 444 2715 Atque
459 2637 527 2696 ideo
541 2646 642 2696 teuros
656 2637 759 2715 procul
772 2645 864 2713 etque
878 2636 909 2694 in
922 2637 989 2694 sole
1000 2636 1137 2713 relegunt

343 2731 476 2803 Pescue,
492 2739 557 2808 post
571 2739 700 2788 montem
714 2729 891 2807 oppositum,
907 2738 938 2788 et
950 2737 1034 2787 treus
1046 2729 1169 2788 llumine
1180 2729 1243 2788 lete
1256 2748 1264 2799 3

344 2827 406 2884 Aut
419 2827 499 2884 intus
513 2824 632 2884 clausos
646 2833 750 2882 soture
763 2823 801 2880 ud
815 2823 962 2901 presepia
975 2831 1105 2882 servent.

346 2919 452 2997 Carpit
467 2917 546 2976 enim
559 2917 639 2976 vires
655 2917 797 2994 peuletim
811 2916 930 2991 uritque
945 2916 1072 2974 videndo
1209 2962 1213 2970 .
1274 2919 1334 2976 eto

345 3013 493 3084 Foemine,
509 3031 566 3070 nec
580 3027 732 3068 nemorum
743 3009 857 3087 petitur
869 3009 1039 3068 meminisse
1052 3029 1110 3069 nec
1123 3009 1236 3070 herbe.
1348 3023 1355 3037 ·

345 3107 493 3166 Dulcibus
507 3105 559 3164 ille
573 3105 691 3181 quidem
705 3103 854 3162 illecebris
868 3112 898 3161 et
912 3103 993 3180 sepe
1006 3105 1152 3181 superbos

346 3200 497 3261 Cornibus
511 3199 588 3256 inter
601 3217 634 3256 se
648 3198 759 3276 subigit
773 3197 937 3256 decernere
952 3207 1098 3256 ementes.

343 3293 483 3354 Pescitur
496 3292 526 3350 in
540 3289 651 3370 megnsi
664 3289 741 3350 silvii
754 3291 884 3350 inmuose
901 3291 1033 3367 juvence
1046 3310 1054 3347 ε

346 3387 394 3446 11Ιί
408 3387 590 3444 alternantes
603 3383 696 3444 multi
709 3385 739 3442 vi
752 3385 859 3462 proelie
871 3385 998 3443 miscent
1272 3387 1333 3444 220

345 3479 529 3554 Vulneribus
547 3479 661 3536 crebris
678 3497 685 3548 3
708 3478 780 3536 levit
795 3486 861 3536 etei·
873 3496 1003 3555 corpore
1015 3476 1139 3556 senguis
1153 3495 1162 3548 3

344 3572 503 3650 Verseque
518 3573 547 3630 iu
562 3571 685 3631 obnixos
699 3579 845 3649 urgentur
858 3589 972 3628 cornus
984 3578 1070 3628 vesto

275 3697 288 3710 ,
345 3666 423 3727 Cum
437 3666 549 3744 gemitu
565 3685 572 3736 3
596 3668 720 3725 reboent
736 3665 879 3742 silvaeque
892 3672 922 3722 et
935 3665 1043 3742 longus
1056 3663 1211 3743 Olympus.

344 3760 410 3820 Nec
424 3779 488 3819 mos
502 3759 647 3818 bellentes
660 3757 722 3818 uui
734 3759 886 3818 stebulere
900 3777 909 3829 3
932 3757 986 3816 sed
1000 3759 1077 3818 ulter

343 3853 451 3914 Victus
465 3853 535 3926 ubit,
550 3851 700 3932 longeque
715 3851 824 3930 ignotis
837 3851 939 3909 exulat
952 3851 1024 3922 oris,
1270 3852 1329 3910 ete

342 3945 441 4004 Multa
453 3965 576 4024 gemens
590 3945 791 4025 ignominiam,
808 3946 974 4024 plegesque
987 3945 1110 4022 superbi

343 4038 486 4110 Victoris,
502 4047 574 4110 tum,
591 4059 666 4115 quos
680 4039 777 4098 emisit
790 4039 913 4111 inultus,
929 4057 1048 4096 umores
1060 4057 1069 4108 3

342 4131 383 4190 Et
397 4131 516 4191 stabula
529 4132 706 4210 adspectans
720 4133 824 4211 regnis
836 4133 966 4192 excessit
979 4131 1075 4191 evitis.

342 4225 426 4304 Ergo
441 4224 520 4284 omni
534 4223 610 4284 curie
623 4224 702 4284 vires
716 4233 848 4297 exercet,
863 4227 985 4284 etinter

342 4317 430 4380 Dure
443 4319 525 4396 jacet
539 4338 652 4397 pernox
663 4319 787 4379 instreto
801 4337 876 4378 sere
889 4319 991 4392 cubili,
