3167 5234
340 564 398 621 112
626 556 653 603 P.
669 555 838 603 vincturi
858 553 1032 603 HABONI-⁰0

339 696 399 755 Sed
414 696 484 773 quid
497 713 557 775 ego
569 694 635 753 lueo
649 702 750 753 autern
762 693 966 771 nequidquam
977 693 1095 771 ingrate
1106 691 1229 749 revolvo
1245 689 1256 749 i

339 788 459 857 Quidve
473 808 573 849 moror
587 789 599 845 i
637 789 670 848 Si
682 806 787 847 omnes
802 806 860 847 uuo
873 786 977 847 ordine
991 785 1108 845 habetis
1121 784 1264 857 Achivos,

339 881 435 959 quue
450 883 554 961 audirp
568 890 614 941 sat
627 891 685 953 est,
703 881 879 958 jamdudum
892 880 999 939 sumite
1014 896 1128 956 poenes.

338 974 411 1035 Hoc
425 976 549 1035 Ithacus
563 976 644 1047 velit,
659 984 690 1033 et
710 994 820 1053 magno
833 982 1003 1033 mercentur
1015 972 1139 1031 Atridae.

378 1069 458 1129 Tum
471 1068 543 1129 verd
558 1069 698 1129 mdemus
711 1068 815 1127 scitari
832 1076 862 1125 et
877 1084 1011 1144 querere
1025 1084 1146 1139 causas,
1271 1066 1327 1125 105

339 1161 443 1240 Ignari
456 1163 605 1221 scelerum
617 1169 768 1220 tantorum
781 1160 915 1235 artisque
929 1158 1077 1237 Pelasga.

338 1252 533 1333 Prosequitur
545 1256 692 1333 pavitans,
708 1264 738 1313 et
751 1254 822 1312 ticto
836 1262 956 1331 pectore
971 1253 1069 1311 fatur:

379 1349 466 1427 Saepe
480 1349 583 1428 firgam
597 1349 700 1407 Danai
712 1347 808 1423 Truji
821 1346 943 1425 cupiere
956 1344 1064 1405 relicti

341 1440 456 1513 Moliri,
473 1450 503 1500 et
519 1443 609 1521 longo
622 1442 694 1501 sessi
708 1441 864 1499 discedere
877 1440 967 1500 bello.

339 1536 556 1613 Fecissentque
570 1536 684 1595 utinam
698 1538 705 1593 !
747 1534 834 1613 Sept
848 1534 914 1593 illos
928 1552 1037 1612 aspera
1050 1532 1129 1611 ponti
1270 1536 1327 1593 110

339 1628 512 1689 interclusit
527 1629 633 1700 hiems,
650 1640 681 1687 et
693 1629 800 1687 terruit
813 1628 925 1686 Auster
938 1637 1053 1687 euntes.
1192 1694 1197 1707 1

339 1721 509 1800 Precipud‚
525 1741 616 1799 quum
632 1722 695 1798 jam
708 1721 758 1780 hic
771 1722 907 1781 trabibus
921 1729 1077 1780 contextus
1091 1718 1209 1779 acernis

340 1817 439 1874 Staret
452 1835 559 1893 equus,
573 1822 636 1874 toto
650 1823 815 1873 sonuerunt
829 1815 939 1873 aethere
955 1814 1053 1873 nimbi.

340 1908 486 1987 Suspensi
504 1907 691 1986 Eurypylum
704 1908 843 1967 scitatum
857 1906 981 1965 oracula
994 1906 1101 1965 Phoebi

339 1999 486 2059 Mittimus
501 2019 510 2071 3
534 2000 620 2077 isque
633 2000 731 2077 adytis
748 2000 814 2059 lraec
827 1999 924 2059 tristia
936 1999 1016 2057 dieta
1033 2005 1187 2076 reportet:
1271 2000 1326 2059 116

341 2094 494 2173 Sanguine
507 2093 651 2171 placuistis
664 2101 769 2152 ventos
781 2101 812 2152 et
825 2093 941 2171 virgine
955 2090 1048 2164 cresi,

341 2185 444 2254 Quum
457 2186 582 2264 primum
596 2184 717 2258 Ilionae,
729 2186 842 2257 Densi,
858 2185 980 2245 venistis
995 2184 1032 2243 ad
1046 2204 1115 2244 oras
1129 2204 1138 2255 ;

340 2279 493 2357 Sanguine
507 2280 660 2355 quaerendi
674 2279 798 2350 reditus,
816 2276 973 2355 animique
987 2277 1130 2337 litandum

339 2370 494 2451 Argolici.
537 2372 632 2450 Vulgi
645 2392 712 2449 quse
727 2392 784 2431 vox
799 2381 830 2431 ut
843 2373 924 2431 venit
937 2371 975 2430 ad
990 2390 1089 2443 aures,

341 2462 535 2543 Obstupuere
549 2466 665 2537 animis,
681 2466 858 2544 gelidusque
873 2485 927 2544 per
941 2466 998 2523 ima
1012 2464 1145 2525 cucurrit

340 2560 421 2620 Ossa
434 2568 546 2619 tremor
560 2580 568 2630 3
591 2561 642 2619 cui
660 2562 722 2621 sata
735 2570 851 2640 parent,
870 2581 957 2639 quem
972 2568 1074 2639 posca
1088 2558 1206 2638 Apollo.

340 2652 405 2712 Hic
418 2652 541 2711 Ithacus
555 2664 654 2713 ratem
666 2673 777 2733 magno
791 2654 962 2715 Calchanta
974 2655 1100 2714 tumultu

339 2744 492 2804 Protrahit
509 2746 538 2805 in
554 2746 688 2816 medios;
713 2767 781 2825 quoe
795 2749 853 2807 sint
867 2767 904 2807 ea
917 2749 1037 2806 numina
1051 2744 1150 2807 divim

339 2838 483 2916 Flagitat.
524 2839 566 2897 Et
580 2840 651 2899 mihi
666 2840 729 2916 jam
744 2842 828 2900 multi
842 2842 963 2900 crudele
979 2843 1126 2899 canebant

340 2932 475 2990 Artificis
489 2933 600 3004 scelus,
616 2942 646 2991 et
659 2934 742 2993 taciti
755 2942 882 2994 venture
896 2934 1045 2995 videbant.

340 3022 394 3081 Bis
408 3024 514 3099 quinos
527 3024 595 3083 silet
608 3026 658 3083 ille
672 3026 746 3098 dies,
762 3036 920 3105 tectusque
935 3036 1055 3087 recusat

340 3114 473 3174 Prodere
487 3136 561 3175 voce
575 3116 632 3177 sud
646 3138 835 3196 quemquam,
851 3131 902 3179 eut
916 3139 1068 3199 opponere
1079 3119 1175 3181 morti.

341 3208 402 3266 Vix
414 3209 534 3267 tandem
547 3211 664 3288 magnis
677 3210 775 3272 Ithaci
787 3214 969 3272 clamoribus
982 3222 1079 3285 actus,

342 3299 515 3379 Compositd
529 3304 638 3381 rumpit
653 3324 766 3377 vocem,
782 3313 812 3364 et
827 3326 873 3365 me
887 3305 1099 3367 destinatam.
1337 3362 1340 3370 r

340 3391 509 3453 Assensdre
523 3414 625 3455 omnes
640 3415 649 3466 ;
672 3406 713 3469 et,
729 3418 797 3476 qum
810 3398 868 3457 sibi
883 3399 1008 3476 quisque
1022 3398 1154 3471 timebat,
1270 3402 1329 3459 1³0

341 3485 437 3545 Unius
453 3486 483 3545 in
497 3488 598 3547 miseri
611 3490 732 3549 exitium
745 3512 892 3551 conversa
906 3492 1011 3551 tulere.

341 3578 470 3658 Jamque
484 3580 548 3639 dies
563 3582 685 3641 infanda
698 3584 803 3643 ederat
819 3605 825 3643 :
848 3586 920 3645 mihi
933 3605 1021 3645 saera
1034 3585 1145 3664 parari,

340 3671 381 3731 Et
395 3674 483 3732 salem
497 3674 610 3752 fruges,
627 3684 657 3734 et
670 3676 785 3736 circum
798 3687 933 3756 tempora
947 3679 1037 3739 vitto.

340 3766 458 3843 Eripui,
474 3766 579 3839 fateor,
596 3769 656 3827 leto
669 3790 727 3842 me,
743 3781 774 3829 et
787 3773 907 3832 vincula
921 3773 987 3851 rupi
1000 3792 1009 3843 ;

339 3858 522 3937 Limosoque
536 3862 604 3920 lacu
619 3871 804 3940 pernoctem
819 3867 965 3925 obscurus
979 3867 1009 3925 in
1023 3864 1095 3927 ulvis

340 3950 465 4024 Delitui‚
481 3952 551 4011 dum
564 3956 640 4029 vela,
655 3957 761 4016 darent
775 3959 802 4017 si
815 3958 902 4031 fortd,
917 3960 1079 4021 dedissent.

341 4043 370 4103 N
372 4064 409 4103 ec
422 4045 494 4105 mihi
508 4047 572 4122 jam
587 4050 714 4125 petriam
727 4052 879 4131 antiquam
893 4074 961 4130 spes
975 4053 1036 4112 ulla
1049 4053 1178 4129 videndi,

340 4137 370 4197 N
372 4158 408 4197 ec
421 4138 526 4199 dulces
538 4150 635 4215 natos,
650 4154 880 4224 exoptatumque
895 4157 1047 4226 parentem
1060 4168 1068 4219 ;

341 4232 429 4301 Quos
442 4232 484 4289 illi
498 4233 559 4291 sors
573 4236 610 4294 ed
624 4257 730 4314 poeuas
743 4242 780 4298 ob
797 4251 899 4301 nostra
912 4251 1070 4320 reposcent

340 4324 473 4404 Effugia,
488 4335 518 4385 et
533 4329 651 4405 culpam
663 4331 741 4391 hano
754 4335 930 4395 miserorum
943 4345 1036 4395 morte
1051 4338 1183 4416 piabunt.
