3167 5234
346 548 406 607 1³⁴
645 541 672 589 P.
686 540 851 589 vutfflntt
869 540 1040 591 tinnulus

344 680 464 741 Italiam
477 680 598 753 dixisse,
613 679 700 739 ducis
712 679 750 739 de
762 680 893 753 nomine,
909 688 1028 759 gentem
1041 698 1048 736 :

345 774 406 833 Hm
420 775 506 833 nobie
520 775 647 852 propriae
660 774 770 843 sedee3
792 775 863 833 hino
876 774 1039 833 Dardanus
1053 780 1147 847 ortua,

345 866 502 944 Iasiusque
517 876 611 946 pater,
627 886 724 945 genus
738 888 757 925 a
771 886 831 943 quo
845 867 978 945 principe
992 876 1134 925 nostrum.

346 961 443 1041 Surge
457 980 527 1039 age,
542 970 572 1021 et
586 961 652 1019 haee
665 961 752 1019 lotos
765 961 902 1038 longaevo
917 958 997 1018 dicta
1011 959 1127 1036 parenti

344 1054 439 1115 Haud
453 1055 616 1114 dubitanda
628 1055 708 1113 refer
720 1074 728 1112 r
751 1054 930 1131 Corythum,
946 1063 1104 1129 terrasque
1118 1052 1252 1131 requiret
1279 1052 1334 1113 rto

344 1149 506 1208 Ausonias.
547 1148 668 1207 Dictaea
680 1157 771 1226 negot
784 1147 838 1207 tibi
850 1148 970 1225 Jupiter
984 1166 1066 1207 erre.

386 1241 512 1300 Talibus
526 1243 667 1301 attonitus
681 1242 752 1299 visis
765 1261 802 1299 ec
817 1260 891 1299 voce
910 1241 1043 1313 deorum,

347 1335 390 1413 (N
393 1354 429 1393 ee
443 1355 532 1412 sopor
544 1336 616 1393 illud
630 1344 695 1392 erat
708 1354 717 1403 ;
740 1334 793 1393 sed
807 1334 910 1393 ocrim
924 1352 1091 1411 agnoscere
1106 1332 1214 1406 vultus,

344 1427 530 1504 Velatasque
545 1447 657 1499 comas,
674 1429 893 1505 praesentiaque
908 1447 962 1485 ora
977 1427 1100 1487 videbar
1114 1446 1122 1497 3
1285 1416 1288 1427 '

344 1520 424 1581 Tum
438 1522 555 1600 gelidus
568 1530 630 1579 toto
643 1524 784 1580 manabat
798 1541 922 1599 corpore
936 1522 1026 1579 sudor
1039 1522 1065 1598 ;)
1279 1520 1333 1579 lto

347 1613 485 1693 Corripio
499 1636 516 1673 e
530 1616 632 1675 stratis
646 1635 765 1693 corpus,
781 1616 930 1693 tendoque
944 1616 1065 1693 supinas

345 1708 394 1768 Ad
408 1710 517 1768 coelum
530 1730 601 1768 curn
612 1728 687 1768 voce
701 1729 818 1781 manus,
834 1717 864 1766 et
878 1728 1002 1767 munere
1015 1708 1074 1767 libo

346 1801 529 1861 intemerate
541 1803 625 1863 socie.
665 1803 806 1861 Perfecto
820 1803 906 1861 laetus
921 1803 1043 1875 honore,

345 1896 500 1955 Anchisen
514 1896 591 1956 socio
605 1906 731 1967 certum,
746 1916 870 1972 remque
884 1896 987 1955 ordine
998 1895 1108 1973 pando.

344 1991 477 2069 Agnovit
492 1990 604 2067 prolem
617 1992 788 2067 ambiguum
801 1990 996 2068 geminosque
1012 1998 1161 2067 parantes,
1280 1992 1334 2049 teu

346 2085 446 2160 Seque
460 2085 536 2142 novo
551 2092 684 2143 veterum
698 2085 855 2161 deceptum
869 2102 971 2143 errore
985 2085 1127 2143 locorum.

347 2174 426 2235 Tum
440 2185 604 2235 memorat:
626 2178 655 2237 N
658 2187 717 2249 ete,
734 2178 836 2236 lliecis
850 2178 981 2235 exercite
997 2178 1075 2249 setis,

346 2268 418 2328 Sola
431 2270 502 2328 mibi
515 2272 591 2329 tales
604 2291 695 2330 casua
709 2270 885 2331 Cassandra
898 2274 1037 2331 canebat.

241 2430 245 2438 ¹
345 2363 376 2421 N
378 2383 436 2421 uno
450 2372 553 2441 repeto
567 2365 634 2423 haec
647 2365 752 2442 generi
766 2364 943 2442 portendere
957 2365 1057 2423 debite
1070 2370 1182 2437 nostro,

344 2455 386 2515 Et
400 2458 481 2535 aaepd
495 2457 687 2535 Hesperiam,
703 2458 784 2535 saepe
799 2458 875 2517 ltele
888 2478 994 2537 regne,
1011 2478 1129 2519 vocare.
1280 2458 1335 2519 ldd

347 2550 407 2608 Sed
421 2551 488 2627 quis
502 2551 540 2609 ad
554 2551 715 2629 Hesperiae
729 2559 870 2609 venturos
884 2552 985 2611 littora
999 2550 1138 2611 Teucros

347 2642 496 2705 Crederet
512 2644 523 2700 ἓ
545 2654 595 2702 aut
611 2664 698 2721 quem
711 2654 774 2703 tum
789 2654 872 2702 vetes
887 2644 1061 2705 Cassandra
1074 2644 1233 2706 moveret?

347 2735 501 2796 Cedamus
512 2738 640 2808 Phoebo,
657 2747 687 2795 et
700 2738 802 2797 moniti
816 2738 939 2797 meliora
951 2758 1123 2815 sequamur.

347 2829 398 2888 sic
412 2830 473 2889 ait:
496 2839 526 2889 et
540 2832 641 2889 cuncti
654 2831 734 2889 dicto
748 2852 887 2908 paremus
901 2843 1035 2892 ovantes.

223 2913 270 2989 ,’
345 2921 439 2981 Hanc
454 2943 573 3000 quoque
586 2925 751 2982 deserimus
765 2925 878 2997 sedem,
895 2927 1059 3003 paueisque
1073 2928 1184 2987 relictis
1279 2928 1335 2987 190

323 3012 429 3100 ¹qula
443 3016 557 3089 damus,
574 3026 748 3094 vastumque
763 3017 840 3077 cavi
852 3022 938 3077 trabe
953 3022 1099 3079 currimus
1114 3040 1226 3098 aequor.

385 3108 548 3185 Postquam
562 3110 653 3167 ultum
666 3108 791 3171 tenuere
806 3121 897 3185 rates,
914 3132 970 3171 neo
987 3114 1049 3189 jam
1063 3113 1187 3192 amptius
1200 3114 1270 3175 ullae

347 3201 504 3279 Appareot
516 3213 617 3274 terrie,
634 3204 744 3263 coelum
757 3203 899 3281 undique,
915 3216 945 3264 et
959 3208 1088 3284 undique
1104 3217 1211 3285 pontus
1223 3226 1232 3279 3

346 3294 427 3353 Tum
439 3295 510 3353 mihi
523 3296 673 3355 caeruleus
685 3316 778 3373 supra
791 3306 881 3376 caput
897 3300 1008 3358 adstitit
1021 3300 1126 3373 imber,

346 3390 476 3453 Noctem
491 3390 679 3467 hiememque
692 3392 806 3463 serens;
824 3403 854 3452 et
869 3394 1013 3453 inhorruit
1027 3397 1107 3455 unda
1120 3396 1261 3456 tenebris.
1281 3396 1335 3456 195

348 3482 498 3545 Continud
514 3484 594 3543 venti
608 3486 728 3543 volvunt
742 3506 835 3559 mere,
849 3506 1018 3566 magnaque
1032 3498 1159 3568 surgunt

347 3579 509 3655 AEquora;
534 3579 660 3657 dispersi
674 3581 826 3656 jactamur
839 3585 957 3661 gurgite
972 3594 1066 3643 vasto.

284 3672 290 3684 ’
348 3670 504 3731 Involvere
518 3673 596 3731 diem
610 3675 711 3747 nimbi,
726 3684 757 3733 et
770 3695 829 3733 nox
843 3677 963 3735 humide
977 3680 1087 3738 coelum

347 3766 477 3823 Abstulit
490 3785 498 3835 ;
523 3767 705 3844 ingeminant
719 3769 853 3846 abruptis
867 3771 995 3830 nubibus
1009 3770 1103 3851 ignes.

346 3858 524 3919 Excutimur
537 3880 639 3933 cursu,
655 3874 685 3919 et
699 3863 789 3921 caecis
805 3882 939 3923 erremus
953 3864 983 3923 in
997 3866 1092 3925 undis.

347 3950 417 4027 lpse
432 3952 510 4009 diem
524 3963 702 4032 noctemque
716 3964 808 4034 negat
822 3956 993 4015 discernere
1008 3958 1097 4031 coelo,

347 4042 416 4102 Nec
431 4045 599 4104 meminisse
614 4048 670 4107 vire
683 4048 783 4107 medii
796 4050 956 4109 Palinurus
969 4051 1000 4109 iu
1013 4050 1103 4111 undd.

348 4134 426 4193 Tres
440 4136 516 4195 oded
531 4138 662 4199 incertos
676 4140 762 4200 caeci
775 4134 904 4221 caligine
919 4144 998 4203 solea
1022 4162 1026 4171 ’

347 4227 495 4288 Erramus
508 4231 627 4309 pelago,
642 4234 765 4293 totidem
777 4237 842 4295 sine
856 4236 954 4295 sidere
968 4247 1080 4299 noctes.

350 4322 468 4393 Quarto
481 4334 564 4385 terra
577 4327 624 4385 die
637 4329 763 4402 primiun
775 4352 810 4391 ae
824 4332 960 4393 attollere
974 4336 1095 4396 tandem
