<?xml version="1.0" encoding="UTF-8"?>
<!DOCTYPE html PUBLIC "-//W3C//DTD XHTML 1.0 Transitional//EN"
    "http://www.w3.org/TR/xhtml1/DTD/xhtml1-transitional.dtd">
<html xmlns="http://www.w3.org/1999/xhtml" xml:lang="en" lang="en">
 <head>
  <title>
</title>
<meta http-equiv="Content-Type" content="text/html;charset=utf-8" />
  <meta name='ocr-system' content='tesseract 3.04.00' />
  <meta name='ocr-capabilities' content='ocr_page ocr_carea ocr_par ocr_line ocrx_word'/>
</head>
<body>
  <div class='ocr_page' id='page_1' title='image "./pvirgiliimaroni01bowegoog/pvirgiliimaroni01bowegoog_0034.png"; bbox 0 0 3167 5234; ppageno 0'>
   <div class='ocr_carea' id='block_1_1' title="bbox 346 577 1041 647">
    <p class='ocr_par' dir='ltr' id='par_1_1' title="bbox 346 577 1041 647">
     <span class='ocr_line' id='line_1_1' title="bbox 346 577 1041 647; baseline -0.003 -18"><span class='ocrx_word' id='word_1_1' title='bbox 346 587 386 647; x_wconf 68' lang='lat'><strong>32</strong></span> <span class='ocrx_word' id='word_1_2' title='bbox 633 581 659 628; x_wconf 87' lang='lat' dir='ltr'><strong>P.</strong></span> <span class='ocrx_word' id='word_1_3' title='bbox 679 579 846 626; x_wconf 83' lang='lat' dir='ltr'><strong>VIRGlLll</strong></span> <span class='ocrx_word' id='word_1_4' title='bbox 869 577 1041 627; x_wconf 75' lang='lat' dir='ltr'><strong>maome</strong></span> 
     </span>
    </p>
   </div>
   <div class='ocr_carea' id='block_1_2' title="bbox 709 867 968 1095">
    <p class='ocr_par' dir='ltr' id='par_1_2' title="bbox 709 867 968 1095">
     <span class='ocr_line' id='line_1_2' title="bbox 709 867 968 945; baseline -0.015 -1"><span class='ocrx_word' id='word_1_5' title='bbox 709 867 901 945; x_wconf 78' lang='lat' dir='ltr'><strong>ECLOGA</strong></span> <span class='ocrx_word' id='word_1_6' title='bbox 923 877 968 944; x_wconf 88' lang='lat' dir='ltr'><strong>X.</strong></span> 
     </span>
     <span class='ocr_line' id='line_1_3' title="bbox 764 1039 916 1095; baseline 0.013 -5"><span class='ocrx_word' id='word_1_7' title='bbox 764 1039 916 1095; x_wconf 78' lang='lat' dir='ltr'><strong>annuus.</strong></span> 
     </span>
    </p>
   </div>
   <div class='ocr_carea' id='block_1_3' title="bbox 242 1183 1372 4534">
    <p class='ocr_par' dir='ltr' id='par_1_3' title="bbox 348 1183 1208 1258">
     <span class='ocr_line' id='line_1_4' title="bbox 348 1183 1208 1258; baseline -0.008 -9"><span class='ocrx_word' id='word_1_8' title='bbox 348 1187 537 1249; x_wconf 66' lang='lat' dir='ltr'><strong>fflrnsnunr</strong></span> <span class='ocrx_word' id='word_1_9' title='bbox 549 1185 639 1258; x_wconf 89' lang='lat' dir='ltr'><strong>hunc,</strong></span> <span class='ocrx_word' id='word_1_10' title='bbox 655 1185 819 1257; x_wconf 81' lang='lat' dir='ltr'><strong>Arethusa,</strong></span> <span class='ocrx_word' id='word_1_11' title='bbox 835 1185 906 1243; x_wconf 86' lang='lat' dir='ltr'><strong>mihi</strong></span> <span class='ocrx_word' id='word_1_12' title='bbox 920 1183 1052 1242; x_wconf 90' lang='lat' dir='ltr'><strong>concede</strong></span> <span class='ocrx_word' id='word_1_13' title='bbox 1065 1183 1208 1242; x_wconf 85' lang='lat' dir='ltr'><strong>laborem.</strong></span> 
     </span>
    </p>

    <p class='ocr_par' dir='ltr' id='par_1_4' title="bbox 346 1276 1123 1356">
     <span class='ocr_line' id='line_1_5' title="bbox 346 1276 1123 1356; baseline -0.009 -15"><span class='ocrx_word' id='word_1_14' title='bbox 346 1280 452 1341; x_wconf 88' lang='lat' dir='ltr'><strong>Pauca</strong></span> <span class='ocrx_word' id='word_1_15' title='bbox 465 1299 531 1339; x_wconf 91' lang='lat' dir='ltr'><strong>meo</strong></span> <span class='ocrx_word' id='word_1_16' title='bbox 545 1279 646 1352; x_wconf 86' lang='lat' dir='ltr'><strong>Gallo,</strong></span> <span class='ocrx_word' id='word_1_17' title='bbox 663 1279 715 1337; x_wconf 93' lang='lat' dir='ltr'><strong>sed</strong></span> <span class='ocrx_word' id='word_1_18' title='bbox 732 1297 799 1356; x_wconf 81' lang='lat' dir='ltr'><strong>quta</strong></span> <span class='ocrx_word' id='word_1_19' title='bbox 812 1278 893 1356; x_wconf 87' lang='lat' dir='ltr'><strong>legat</strong></span> <span class='ocrx_word' id='word_1_20' title='bbox 907 1278 973 1354; x_wconf 89' lang='lat' dir='ltr'><strong>ipsa</strong></span> <span class='ocrx_word' id='word_1_21' title='bbox 983 1276 1123 1353; x_wconf 81' lang='lat' dir='ltr'><strong>Lycoris,</strong></span> 
     </span>
    </p>

    <p class='ocr_par' dir='ltr' id='par_1_5' title="bbox 348 1368 1208 1450">
     <span class='ocr_line' id='line_1_6' title="bbox 348 1368 1208 1450; baseline -0.008 -17"><span class='ocrx_word' id='word_1_22' title='bbox 348 1373 492 1434; x_wconf 75' lang='lat' dir='ltr'><strong>Carmina</strong></span> <span class='ocrx_word' id='word_1_23' title='bbox 505 1381 574 1432; x_wconf 89' lang='lat' dir='ltr'><strong>sunt</strong></span> <span class='ocrx_word' id='word_1_24' title='bbox 587 1371 734 1431; x_wconf 85' lang='lat' dir='ltr'><strong>dicenda:</strong></span> <span class='ocrx_word' id='word_1_25' title='bbox 756 1380 847 1450; x_wconf 84' lang='lat' dir='ltr'><strong>neget</strong></span> <span class='ocrx_word' id='word_1_26' title='bbox 866 1371 933 1446; x_wconf 84' lang='lat' dir='ltr'><strong>quis</strong></span> <span class='ocrx_word' id='word_1_27' title='bbox 945 1369 1080 1429; x_wconf 84' lang='lat' dir='ltr'><strong>carmina</strong></span> <span class='ocrx_word' id='word_1_28' title='bbox 1091 1369 1182 1430; x_wconf 83' lang='lat' dir='ltr'><strong>Gallo</strong></span> <span class='ocrx_word' id='word_1_29' title='bbox 1197 1368 1208 1426; x_wconf 69' lang='grc' dir='ltr'><strong><em>ἓ</em></strong></span> 
     </span>
    </p>

    <p class='ocr_par' dir='ltr' id='par_1_6' title="bbox 348 1457 1074 1542">
     <span class='ocr_line' id='line_1_7' title="bbox 348 1457 1074 1542; baseline -0.008 -16"><span class='ocrx_word' id='word_1_30' title='bbox 348 1467 398 1526; x_wconf 88' lang='lat' dir='ltr'><strong>Sie</strong></span> <span class='ocrx_word' id='word_1_31' title='bbox 411 1467 475 1540; x_wconf 89' lang='lat' dir='ltr'><strong>tibi,</strong></span> <span class='ocrx_word' id='word_1_32' title='bbox 492 1485 581 1542; x_wconf 85' lang='lat' dir='ltr'><strong>quum</strong></span> <span class='ocrx_word' id='word_1_33' title='bbox 596 1466 703 1524; x_wconf 83' lang='lat' dir='ltr'><strong>ductus</strong></span> <span class='ocrx_word' id='word_1_34' title='bbox 718 1457 924 1523; x_wconf 66' lang='lat' dir='ltr'><strong>subterlabere</strong></span> <span class='ocrx_word' id='word_1_35' title='bbox 939 1463 1074 1534; x_wconf 75' lang='lat' dir='ltr'>Sicanos,</span> 
     </span>
    </p>

    <p class='ocr_par' dir='ltr' id='par_1_7' title="bbox 347 1555 1334 1731">
     <span class='ocr_line' id='line_1_8' title="bbox 347 1555 1334 1620; baseline -0.007 0"><span class='ocrx_word' id='word_1_36' title='bbox 347 1559 439 1620; x_wconf 90' lang='lat' dir='ltr'><strong>Doris</strong></span> <span class='ocrx_word' id='word_1_37' title='bbox 453 1578 556 1620; x_wconf 87' lang='lat' dir='ltr'><strong>amara</strong></span> <span class='ocrx_word' id='word_1_38' title='bbox 570 1578 655 1617; x_wconf 89' lang='lat' dir='ltr'><strong>suam</strong></span> <span class='ocrx_word' id='word_1_39' title='bbox 668 1577 727 1617; x_wconf 92' lang='lat' dir='ltr'><strong>non</strong></span> <span class='ocrx_word' id='word_1_40' title='bbox 742 1557 944 1616; x_wconf 84' lang='lat' dir='ltr'><strong>intermisceat</strong></span> <span class='ocrx_word' id='word_1_41' title='bbox 959 1555 1076 1614; x_wconf 88' lang='lat' dir='ltr'><strong>undam.</strong></span> <span class='ocrx_word' id='word_1_42' title='bbox 1314 1557 1334 1614; x_wconf 76' lang='grc' dir='ltr'><strong>ὅ</strong></span> 
     </span>
     <span class='ocr_line' id='line_1_9' title="bbox 347 1651 1028 1731; baseline -0.009 -19"><span class='ocrx_word' id='word_1_43' title='bbox 347 1652 452 1731; x_wconf 84' lang='lat' dir='ltr'><strong>Incipe</strong></span> <span class='ocrx_word' id='word_1_44' title='bbox 468 1673 476 1723; x_wconf 86' lang='grc'><strong>;</strong></span> <span class='ocrx_word' id='word_1_45' title='bbox 499 1652 643 1711; x_wconf 87' lang='lat' dir='ltr'><strong>sollicitos</strong></span> <span class='ocrx_word' id='word_1_46' title='bbox 657 1651 738 1711; x_wconf 84' lang='lat' dir='ltr'><strong>Galli</strong></span> <span class='ocrx_word' id='word_1_47' title='bbox 753 1651 887 1709; x_wconf 88' lang='lat' dir='ltr'><strong>dicamus</strong></span> <span class='ocrx_word' id='word_1_48' title='bbox 901 1669 1028 1721; x_wconf 85' lang='lat' dir='ltr'><strong>amores,</strong></span> 
     </span>
    </p>

    <p class='ocr_par' dir='ltr' id='par_1_8' title="bbox 346 1743 1098 1822">
     <span class='ocr_line' id='line_1_10' title="bbox 346 1743 1098 1822; baseline -0.005 -17"><span class='ocrx_word' id='word_1_49' title='bbox 346 1746 429 1806; x_wconf 86' lang='lat' dir='ltr'><strong>Dum</strong></span> <span class='ocrx_word' id='word_1_50' title='bbox 441 1755 547 1805; x_wconf 83' lang='lat' dir='ltr'><strong>tenera</strong></span> <span class='ocrx_word' id='word_1_51' title='bbox 561 1745 711 1804; x_wconf 75' lang='lat' dir='ltr'><strong>attondent</strong></span> <span class='ocrx_word' id='word_1_52' title='bbox 726 1744 809 1803; x_wconf 67' lang='lat' dir='ltr'><strong>dmae</strong></span> <span class='ocrx_word' id='word_1_53' title='bbox 822 1743 951 1822; x_wconf 75' lang='lat' dir='ltr'><strong>virgulta</strong></span> <span class='ocrx_word' id='word_1_54' title='bbox 964 1743 1098 1820; x_wconf 85' lang='lat' dir='ltr'><strong>capellae.</strong></span> 
     </span>
    </p>

    <p class='ocr_par' dir='ltr' id='par_1_9' title="bbox 349 1836 1125 1915">
     <span class='ocr_line' id='line_1_11' title="bbox 349 1836 1125 1915; baseline -0.006 -16"><span class='ocrx_word' id='word_1_55' title='bbox 349 1839 418 1899; x_wconf 91' lang='lat' dir='ltr'><strong>Non</strong></span> <span class='ocrx_word' id='word_1_56' title='bbox 430 1839 564 1899; x_wconf 90' lang='lat' dir='ltr'><strong>canimus</strong></span> <span class='ocrx_word' id='word_1_57' title='bbox 584 1838 681 1898; x_wconf 87' lang='lat' dir='ltr'><strong>surdis</strong></span> <span class='ocrx_word' id='word_1_58' title='bbox 697 1855 705 1908; x_wconf 89' lang='lat'>;</span> <span class='ocrx_word' id='word_1_59' title='bbox 728 1836 908 1915; x_wconf 87' lang='lat' dir='ltr'><strong>respondent</strong></span> <span class='ocrx_word' id='word_1_60' title='bbox 922 1837 1020 1894; x_wconf 85' lang='lat' dir='ltr'><strong>omnia</strong></span> <span class='ocrx_word' id='word_1_61' title='bbox 1033 1837 1125 1895; x_wconf 73' lang='lat' dir='ltr'><strong>silvan.</strong></span> 
     </span>
    </p>

    <p class='ocr_par' dir='ltr' id='par_1_10' title="bbox 346 1927 1335 2288">
     <span class='ocr_line' id='line_1_12' title="bbox 388 1927 1225 2009; baseline -0.004 -17"><span class='ocrx_word' id='word_1_62' title='bbox 388 1933 466 2000; x_wconf 76' lang='lat' dir='ltr'><strong>Quae</strong></span> <span class='ocrx_word' id='word_1_63' title='bbox 480 1951 611 2004; x_wconf 88' lang='lat' dir='ltr'><strong>nemora,</strong></span> <span class='ocrx_word' id='word_1_64' title='bbox 628 1939 679 1990; x_wconf 89' lang='lat' dir='ltr'><strong>aut</strong></span> <span class='ocrx_word' id='word_1_65' title='bbox 694 1932 744 2008; x_wconf 90' lang='lat' dir='ltr'><strong>qui</strong></span> <span class='ocrx_word' id='word_1_66' title='bbox 758 1950 811 1989; x_wconf 86' lang='lat' dir='ltr'><strong>vos</strong></span> <span class='ocrx_word' id='word_1_67' title='bbox 824 1930 919 1989; x_wconf 86' lang='lat' dir='ltr'><strong>saltus</strong></span> <span class='ocrx_word' id='word_1_68' title='bbox 932 1927 1076 2002; x_wconf 70' lang='lat' dir='ltr'><strong>habuere,</strong></span> <span class='ocrx_word' id='word_1_69' title='bbox 1092 1927 1225 2009; x_wconf 70' lang='lat' dir='ltr'><strong>puelloO</strong></span> 
     </span>
     <span class='ocr_line' id='line_1_13' title="bbox 346 2023 1335 2104; baseline -0.002 -19"><span class='ocrx_word' id='word_1_70' title='bbox 346 2025 472 2100; x_wconf 79' lang='lat' dir='ltr'><strong>Naides,</strong></span> <span class='ocrx_word' id='word_1_71' title='bbox 488 2026 610 2104; x_wconf 81' lang='lat' dir='ltr'><strong>indigno</strong></span> <span class='ocrx_word' id='word_1_72' title='bbox 625 2043 714 2102; x_wconf 88' lang='lat' dir='ltr'><strong>quum</strong></span> <span class='ocrx_word' id='word_1_73' title='bbox 727 2023 835 2082; x_wconf 86' lang='lat' dir='ltr'><strong>Gallus</strong></span> <span class='ocrx_word' id='word_1_74' title='bbox 847 2043 947 2082; x_wconf 84' lang='lat' dir='ltr'><strong>amore</strong></span> <span class='ocrx_word' id='word_1_75' title='bbox 962 2024 1097 2101; x_wconf 86' lang='lat' dir='ltr'><strong>periret?</strong></span> <span class='ocrx_word' id='word_1_76' title='bbox 1297 2026 1335 2083; x_wconf 86' lang='lat'><strong>10</strong></span> 
     </span>
     <span class='ocr_line' id='line_1_14' title="bbox 347 2115 1186 2197; baseline -0.004 -18"><span class='ocrx_word' id='word_1_77' title='bbox 347 2119 377 2179; x_wconf 87' lang='lat' dir='ltr'>N</span> <span class='ocrx_word' id='word_1_78' title='bbox 379 2139 426 2178; x_wconf 90' lang='lat' dir='ltr'><strong>am</strong></span> <span class='ocrx_word' id='word_1_79' title='bbox 440 2137 538 2197; x_wconf 84' lang='lat' dir='ltr'><strong>neque</strong></span> <span class='ocrx_word' id='word_1_80' title='bbox 551 2118 694 2177; x_wconf 75' lang='lat' dir='ltr'><strong>Parnassi</strong></span> <span class='ocrx_word' id='word_1_81' title='bbox 707 2118 792 2176; x_wconf 86' lang='lat' dir='ltr'><strong>vobis</strong></span> <span class='ocrx_word' id='word_1_82' title='bbox 802 2117 887 2196; x_wconf 83' lang='lat' dir='ltr'><strong>juga,</strong></span> <span class='ocrx_word' id='word_1_83' title='bbox 903 2136 973 2176; x_wconf 84' lang='lat' dir='ltr'><strong>nam</strong></span> <span class='ocrx_word' id='word_1_84' title='bbox 985 2136 1085 2193; x_wconf 89' lang='lat' dir='ltr'><strong>neque</strong></span> <span class='ocrx_word' id='word_1_85' title='bbox 1097 2115 1186 2176; x_wconf 85' lang='lat' dir='ltr'><strong>Pindi</strong></span> 
     </span>
     <span class='ocr_line' id='line_1_15' title="bbox 347 2209 1074 2288; baseline -0.001 -17"><span class='ocrx_word' id='word_1_86' title='bbox 347 2211 417 2271; x_wconf 84' lang='lat' dir='ltr'><strong>Ulla</strong></span> <span class='ocrx_word' id='word_1_87' title='bbox 429 2231 541 2274; x_wconf 62' lang='lat' dir='ltr'><strong>muana</strong></span> <span class='ocrx_word' id='word_1_88' title='bbox 555 2209 666 2282; x_wconf 72' lang='lat' dir='ltr'><strong>facire,</strong></span> <span class='ocrx_word' id='word_1_89' title='bbox 683 2229 780 2288; x_wconf 90' lang='lat' dir='ltr'><strong>neque</strong></span> <span class='ocrx_word' id='word_1_90' title='bbox 795 2212 893 2270; x_wconf 90' lang='lat' dir='ltr'><strong>Aonia</strong></span> <span class='ocrx_word' id='word_1_91' title='bbox 905 2211 1074 2288; x_wconf 80' lang='lat' dir='ltr'><strong>Aganippe.</strong></span> 
     </span>
    </p>

    <p class='ocr_par' dir='ltr' id='par_1_11' title="bbox 242 2302 1334 2846">
     <span class='ocr_line' id='line_1_16' title="bbox 347 2302 1027 2381; baseline -0.003 -17"><span class='ocrx_word' id='word_1_92' title='bbox 347 2305 434 2365; x_wconf 90' lang='lat' dir='ltr'><strong>Illum</strong></span> <span class='ocrx_word' id='word_1_93' title='bbox 449 2306 538 2364; x_wconf 84' lang='lat' dir='ltr'><strong>etiem</strong></span> <span class='ocrx_word' id='word_1_94' title='bbox 552 2305 639 2376; x_wconf 85' lang='lat' dir='ltr'><strong>lauri,</strong></span> <span class='ocrx_word' id='word_1_95' title='bbox 653 2305 743 2363; x_wconf 87' lang='lat' dir='ltr'><strong>etiam</strong></span> <span class='ocrx_word' id='word_1_96' title='bbox 756 2302 868 2364; x_wconf 65' lang='lat' dir='ltr'><strong>flevere</strong></span> <span class='ocrx_word' id='word_1_97' title='bbox 880 2304 1003 2381; x_wconf 81' lang='lat' dir='ltr'><strong>myricas</strong></span> <span class='ocrx_word' id='word_1_98' title='bbox 1018 2321 1027 2372; x_wconf 81' lang='lat'><em>3</em></span> 
     </span>
     <span class='ocr_line' id='line_1_17' title="bbox 345 2398 1057 2475; baseline -0.004 -15"><span class='ocrx_word' id='word_1_99' title='bbox 345 2399 460 2460; x_wconf 78' lang='lat' dir='ltr'><strong>Pinifer</strong></span> <span class='ocrx_word' id='word_1_100' title='bbox 472 2401 554 2459; x_wconf 84' lang='lat' dir='ltr'><strong>illurn</strong></span> <span class='ocrx_word' id='word_1_101' title='bbox 569 2400 659 2458; x_wconf 84' lang='lat' dir='ltr'><strong>etiarn</strong></span> <span class='ocrx_word' id='word_1_102' title='bbox 673 2398 738 2458; x_wconf 67' lang='lat' dir='ltr'><strong>solia</strong></span> <span class='ocrx_word' id='word_1_103' title='bbox 752 2401 807 2457; x_wconf 86' lang='lat' dir='ltr'><strong>sub</strong></span> <span class='ocrx_word' id='word_1_104' title='bbox 821 2417 895 2475; x_wconf 84' lang='lat' dir='ltr'><strong>rupe</strong></span> <span class='ocrx_word' id='word_1_105' title='bbox 905 2398 1057 2474; x_wconf 86' lang='lat' dir='ltr'><strong>jacentem</strong></span> 
     </span>
     <span class='ocr_line' id='line_1_18' title="bbox 346 2489 1334 2570; baseline -0.002 -19"><span class='ocrx_word' id='word_1_106' title='bbox 346 2493 505 2565; x_wconf 86' lang='lat' dir='ltr'><strong>Maenalus‚</strong></span> <span class='ocrx_word' id='word_1_107' title='bbox 521 2500 550 2551; x_wconf 88' lang='lat' dir='ltr'><strong>et</strong></span> <span class='ocrx_word' id='word_1_108' title='bbox 564 2491 655 2570; x_wconf 85' lang='lat' dir='ltr'><strong>gelidi</strong></span> <span class='ocrx_word' id='word_1_109' title='bbox 669 2491 815 2551; x_wconf 84' lang='lat' dir='ltr'><strong>flaverunt</strong></span> <span class='ocrx_word' id='word_1_110' title='bbox 829 2510 902 2550; x_wconf 86' lang='lat' dir='ltr'><strong>saxa</strong></span> <span class='ocrx_word' id='word_1_111' title='bbox 916 2491 1030 2568; x_wconf 79' lang='lat' dir='ltr'><strong>Lycaei.</strong></span> <span class='ocrx_word' id='word_1_112' title='bbox 1298 2489 1334 2550; x_wconf 78' lang='lat'><strong>16</strong></span> 
     </span>
     <span class='ocr_line' id='line_1_19' title="bbox 347 2584 1114 2662; baseline -0.004 -18"><span class='ocrx_word' id='word_1_113' title='bbox 347 2587 431 2646; x_wconf 82' lang='lat' dir='ltr'><strong>Stant</strong></span> <span class='ocrx_word' id='word_1_114' title='bbox 446 2593 475 2644; x_wconf 90' lang='lat' dir='ltr'><strong>et</strong></span> <span class='ocrx_word' id='word_1_115' title='bbox 488 2605 560 2645; x_wconf 87' lang='lat' dir='ltr'><strong>oves</strong></span> <span class='ocrx_word' id='word_1_116' title='bbox 573 2585 697 2655; x_wconf 81' lang='lat' dir='ltr'><strong>circdtn,</strong></span> <span class='ocrx_word' id='word_1_117' title='bbox 710 2585 803 2643; x_wconf 78' lang='lat' dir='ltr'><strong>nostri</strong></span> <span class='ocrx_word' id='word_1_118' title='bbox 817 2603 874 2644; x_wconf 85' lang='lat' dir='ltr'><strong>nee</strong></span> <span class='ocrx_word' id='word_1_119' title='bbox 888 2585 1012 2662; x_wconf 83' lang='lat' dir='ltr'><strong>poenitet</strong></span> <span class='ocrx_word' id='word_1_120' title='bbox 1025 2584 1092 2642; x_wconf 85' lang='lat' dir='ltr'><strong>illas</strong></span> <span class='ocrx_word' id='word_1_121' title='bbox 1105 2601 1114 2654; x_wconf 88' lang='grc'><strong>;</strong></span> 
     </span>
     <span class='ocr_line' id='line_1_20' title="bbox 242 2677 998 2756; baseline -0.005 -18"><span class='ocrx_word' id='word_1_122' title='bbox 242 2691 247 2700; x_wconf 88' lang='grc'><strong>”</strong></span> <span class='ocrx_word' id='word_1_123' title='bbox 345 2679 413 2738; x_wconf 81' lang='lat' dir='ltr'><strong>Nec</strong></span> <span class='ocrx_word' id='word_1_124' title='bbox 431 2687 462 2737; x_wconf 87' lang='lat' dir='ltr'><strong>te</strong></span> <span class='ocrx_word' id='word_1_125' title='bbox 476 2677 618 2756; x_wconf 81' lang='lat' dir='ltr'><strong>poeniteat</strong></span> <span class='ocrx_word' id='word_1_126' title='bbox 632 2678 759 2754; x_wconf 85' lang='lat' dir='ltr'><strong>peeoris,</strong></span> <span class='ocrx_word' id='word_1_127' title='bbox 775 2677 874 2735; x_wconf 84' lang='lat' dir='ltr'><strong>divine</strong></span> <span class='ocrx_word' id='word_1_128' title='bbox 889 2678 976 2755; x_wconf 75' lang='lat' dir='ltr'><strong>poeta</strong></span> <span class='ocrx_word' id='word_1_129' title='bbox 991 2696 998 2734; x_wconf 91' lang='lat'>:</span> 
     </span>
     <span class='ocr_line' id='line_1_21' title="bbox 345 2769 1055 2846; baseline -0.006 -15"><span class='ocrx_word' id='word_1_130' title='bbox 345 2771 387 2832; x_wconf 87' lang='lat' dir='ltr'><strong>Et</strong></span> <span class='ocrx_word' id='word_1_131' title='bbox 400 2771 546 2830; x_wconf 83' lang='lat' dir='ltr'><strong>formosus</strong></span> <span class='ocrx_word' id='word_1_132' title='bbox 559 2789 631 2828; x_wconf 84' lang='lat' dir='ltr'><strong>oves</strong></span> <span class='ocrx_word' id='word_1_133' title='bbox 650 2769 687 2827; x_wconf 90' lang='lat' dir='ltr'><strong>ad</strong></span> <span class='ocrx_word' id='word_1_134' title='bbox 702 2769 825 2828; x_wconf 88' lang='lat' dir='ltr'><strong>flumina</strong></span> <span class='ocrx_word' id='word_1_135' title='bbox 837 2769 917 2846; x_wconf 82' lang='lat' dir='ltr'><strong>pavit</strong></span> <span class='ocrx_word' id='word_1_136' title='bbox 931 2769 1055 2827; x_wconf 87' lang='lat' dir='ltr'><strong>Adonis.</strong></span> 
     </span>
    </p>

    <p class='ocr_par' dir='ltr' id='par_1_12' title="bbox 385 2858 1035 2941">
     <span class='ocr_line' id='line_1_22' title="bbox 385 2858 1035 2941; baseline -0.005 -19"><span class='ocrx_word' id='word_1_137' title='bbox 385 2863 476 2922; x_wconf 85' lang='lat' dir='ltr'><strong>Venit</strong></span> <span class='ocrx_word' id='word_1_138' title='bbox 491 2871 522 2922; x_wconf 91' lang='lat' dir='ltr'><strong>et</strong></span> <span class='ocrx_word' id='word_1_139' title='bbox 536 2863 625 2941; x_wconf 88' lang='lat' dir='ltr'><strong>upilio</strong></span> <span class='ocrx_word' id='word_1_140' title='bbox 642 2881 650 2931; x_wconf 90' lang='lat'>;</span> <span class='ocrx_word' id='word_1_141' title='bbox 673 2861 750 2922; x_wconf 89' lang='lat' dir='ltr'><strong>tardi</strong></span> <span class='ocrx_word' id='word_1_142' title='bbox 764 2858 876 2922; x_wconf 71' lang='lat' dir='ltr'><strong>rendre</strong></span> <span class='ocrx_word' id='word_1_143' title='bbox 890 2861 1012 2920; x_wconf 80' lang='lat' dir='ltr'><strong>bubulci</strong></span> <span class='ocrx_word' id='word_1_144' title='bbox 1027 2881 1035 2932; x_wconf 89' lang='grc'><strong>;</strong></span> 
     </span>
    </p>

    <p class='ocr_par' dir='ltr' id='par_1_13' title="bbox 344 2953 1372 3690">
     <span class='ocr_line' id='line_1_23' title="bbox 346 2953 1335 3034; baseline 0 -18"><span class='ocrx_word' id='word_1_145' title='bbox 346 2956 460 3016; x_wconf 84' lang='lat' dir='ltr'><strong>Uvidus</strong></span> <span class='ocrx_word' id='word_1_146' title='bbox 473 2953 600 3018; x_wconf 70' lang='lat' dir='ltr'><strong>hiberni</strong></span> <span class='ocrx_word' id='word_1_147' title='bbox 613 2955 693 3014; x_wconf 85' lang='lat' dir='ltr'><strong>venit</strong></span> <span class='ocrx_word' id='word_1_148' title='bbox 707 2954 743 3014; x_wconf 91' lang='lat' dir='ltr'><strong>de</strong></span> <span class='ocrx_word' id='word_1_149' title='bbox 758 2953 867 3034; x_wconf 77' lang='lat' dir='ltr'><strong>glande</strong></span> <span class='ocrx_word' id='word_1_150' title='bbox 880 2953 1047 3022; x_wconf 84' lang='lat' dir='ltr'><strong>Menalcas.</strong></span> <span class='ocrx_word' id='word_1_151' title='bbox 1293 2957 1335 3016; x_wconf 63' lang='lat'><strong>20</strong></span> 
     </span>
     <span class='ocr_line' id='line_1_24' title="bbox 346 3047 1330 3128; baseline 0.001 -19"><span class='ocrx_word' id='word_1_152' title='bbox 346 3050 469 3121; x_wconf 87' lang='lat' dir='ltr'><strong>Omnes,</strong></span> <span class='ocrx_word' id='word_1_153' title='bbox 485 3048 602 3108; x_wconf 86' lang='lat' dir='ltr'><strong>“Unde</strong></span> <span class='ocrx_word' id='word_1_154' title='bbox 616 3067 699 3110; x_wconf 84' lang='lat' dir='ltr'><strong>arnor</strong></span> <span class='ocrx_word' id='word_1_155' title='bbox 712 3048 805 3120; x_wconf 88' lang='lat' dir='ltr'><strong>iste,’&#39;</strong></span> <span class='ocrx_word' id='word_1_156' title='bbox 817 3055 934 3126; x_wconf 80' lang='lat' dir='ltr'><strong>rogant,</strong></span> <span class='ocrx_word' id='word_1_157' title='bbox 951 3053 971 3080; x_wconf 89' lang='lat'><strong>“</strong></span> <span class='ocrx_word' id='word_1_158' title='bbox 980 3047 1034 3106; x_wconf 88' lang='lat' dir='ltr'><strong>tibi</strong></span> <span class='ocrx_word' id='word_1_159' title='bbox 1048 3047 1083 3104; x_wconf 86' lang='lat'><strong>?”</strong></span> <span class='ocrx_word' id='word_1_160' title='bbox 1102 3047 1195 3108; x_wconf 83' lang='lat' dir='ltr'><strong>Venit</strong></span> <span class='ocrx_word' id='word_1_161' title='bbox 1206 3048 1330 3128; x_wconf 83' lang='lat' dir='ltr'><strong>Apollo3</strong></span> 
     </span>
     <span class='ocr_line' id='line_1_25' title="bbox 349 3144 1217 3224; baseline -0.001 -19"><span class='ocrx_word' id='word_1_162' title='bbox 349 3151 369 3180; x_wconf 79' lang='lat'><strong>‘⁶</strong></span> <span class='ocrx_word' id='word_1_163' title='bbox 379 3145 479 3217; x_wconf 90' lang='lat' dir='ltr'><strong>Galle,</strong></span> <span class='ocrx_word' id='word_1_164' title='bbox 495 3145 566 3224; x_wconf 83' lang='lat' dir='ltr'><strong>qnid</strong></span> <span class='ocrx_word' id='word_1_165' title='bbox 579 3145 691 3206; x_wconf 84' lang='lat' dir='ltr'><strong>insanis</strong></span> <span class='ocrx_word' id='word_1_166' title='bbox 708 3144 742 3200; x_wconf 86' lang='lat'><strong>?”</strong></span> <span class='ocrx_word' id='word_1_167' title='bbox 762 3144 879 3220; x_wconf 90' lang='lat' dir='ltr'><strong>inquit:</strong></span> <span class='ocrx_word' id='word_1_168' title='bbox 905 3149 987 3203; x_wconf 89' lang='lat' dir='ltr'><strong>“tua</strong></span> <span class='ocrx_word' id='word_1_169' title='bbox 1001 3163 1077 3204; x_wconf 89' lang='lat' dir='ltr'><strong>cura</strong></span> <span class='ocrx_word' id='word_1_170' title='bbox 1089 3144 1217 3222; x_wconf 83' lang='lat' dir='ltr'><strong>Lycoris</strong></span> 
     </span>
     <span class='ocr_line' id='line_1_26' title="bbox 345 3237 1257 3315; baseline 0 -17"><span class='ocrx_word' id='word_1_171' title='bbox 345 3237 465 3314; x_wconf 88' lang='lat' dir='ltr'><strong>Perque</strong></span> <span class='ocrx_word' id='word_1_172' title='bbox 479 3239 563 3297; x_wconf 83' lang='lat' dir='ltr'><strong>nives</strong></span> <span class='ocrx_word' id='word_1_173' title='bbox 577 3238 667 3296; x_wconf 87' lang='lat' dir='ltr'><strong>aliurn</strong></span> <span class='ocrx_word' id='word_1_174' title='bbox 681 3255 793 3315; x_wconf 88' lang='lat' dir='ltr'><strong>perque</strong></span> <span class='ocrx_word' id='word_1_175' title='bbox 809 3237 930 3296; x_wconf 87' lang='lat' dir='ltr'><strong>horrida</strong></span> <span class='ocrx_word' id='word_1_176' title='bbox 942 3246 1044 3296; x_wconf 87' lang='lat' dir='ltr'><strong>castra</strong></span> <span class='ocrx_word' id='word_1_177' title='bbox 1057 3246 1163 3298; x_wconf 88' lang='lat' dir='ltr'><strong>secuta</strong></span> <span class='ocrx_word' id='word_1_178' title='bbox 1176 3239 1257 3298; x_wconf 85' lang='lat' dir='ltr'><strong>est.¹’</strong></span> 
     </span>
     <span class='ocr_line' id='line_1_27' title="bbox 345 3331 1017 3410; baseline 0 -20"><span class='ocrx_word' id='word_1_179' title='bbox 345 3331 437 3391; x_wconf 87' lang='lat' dir='ltr'><strong>Venit</strong></span> <span class='ocrx_word' id='word_1_180' title='bbox 451 3340 481 3391; x_wconf 87' lang='lat' dir='ltr'><strong>et</strong></span> <span class='ocrx_word' id='word_1_181' title='bbox 495 3331 608 3410; x_wconf 73' lang='lat' dir='ltr'><strong>agresti</strong></span> <span class='ocrx_word' id='word_1_182' title='bbox 622 3331 727 3409; x_wconf 84' lang='lat' dir='ltr'><strong>eapitis</strong></span> <span class='ocrx_word' id='word_1_183' title='bbox 742 3331 879 3390; x_wconf 87' lang='lat' dir='ltr'><strong>Silvanus</strong></span> <span class='ocrx_word' id='word_1_184' title='bbox 893 3331 1017 3403; x_wconf 78' lang='lat' dir='ltr'><strong>honore,</strong></span> 
     </span>
     <span class='ocr_line' id='line_1_28' title="bbox 345 3424 1372 3502; baseline 0.001 -18"><span class='ocrx_word' id='word_1_185' title='bbox 345 3424 504 3484; x_wconf 81' lang='lat' dir='ltr'><strong>Florentes</strong></span> <span class='ocrx_word' id='word_1_186' title='bbox 518 3425 629 3486; x_wconf 80' lang='lat' dir='ltr'><strong>ferulas</strong></span> <span class='ocrx_word' id='word_1_187' title='bbox 643 3433 672 3482; x_wconf 89' lang='lat' dir='ltr'><strong>et</strong></span> <span class='ocrx_word' id='word_1_188' title='bbox 686 3424 814 3502; x_wconf 79' lang='lat' dir='ltr'><strong>grandia</strong></span> <span class='ocrx_word' id='word_1_189' title='bbox 826 3425 888 3483; x_wconf 91' lang='lat' dir='ltr'><strong>lilia</strong></span> <span class='ocrx_word' id='word_1_190' title='bbox 901 3444 1058 3501; x_wconf 87' lang='lat' dir='ltr'><strong>quassans.</strong></span> <span class='ocrx_word' id='word_1_191' title='bbox 1291 3427 1333 3485; x_wconf 67' lang='lat'><strong>25</strong></span> <span class='ocrx_word' id='word_1_192' title='bbox 1369 3427 1372 3434; x_wconf 85' lang='lat'>&#39;</span> 
     </span>
     <span class='ocr_line' id='line_1_29' title="bbox 344 3517 1116 3596; baseline 0 -18"><span class='ocrx_word' id='word_1_193' title='bbox 344 3518 421 3590; x_wconf 90' lang='lat' dir='ltr'><strong>Pan,</strong></span> <span class='ocrx_word' id='word_1_194' title='bbox 437 3519 511 3577; x_wconf 90' lang='lat' dir='ltr'><strong>deus</strong></span> <span class='ocrx_word' id='word_1_195' title='bbox 524 3517 675 3590; x_wconf 86' lang='lat' dir='ltr'><strong>Arcadiae,</strong></span> <span class='ocrx_word' id='word_1_196' title='bbox 691 3518 771 3578; x_wconf 85' lang='lat' dir='ltr'><strong>venit</strong></span> <span class='ocrx_word' id='word_1_197' title='bbox 784 3536 792 3586; x_wconf 89' lang='lat'>;</span> <span class='ocrx_word' id='word_1_198' title='bbox 817 3537 906 3595; x_wconf 88' lang='lat' dir='ltr'><strong>quem</strong></span> <span class='ocrx_word' id='word_1_199' title='bbox 919 3518 1046 3577; x_wconf 87' lang='lat' dir='ltr'><strong>vidimus</strong></span> <span class='ocrx_word' id='word_1_200' title='bbox 1059 3518 1116 3596; x_wconf 87' lang='lat' dir='ltr'><strong>ipsi</strong></span> 
     </span>
     <span class='ocr_line' id='line_1_30' title="bbox 346 3611 1095 3690; baseline 0 -20"><span class='ocrx_word' id='word_1_201' title='bbox 346 3612 525 3690; x_wconf 80' lang='lat' dir='ltr'><strong>Sanguineis</strong></span> <span class='ocrx_word' id='word_1_202' title='bbox 539 3612 619 3674; x_wconf 85' lang='lat' dir='ltr'><strong>ebuli</strong></span> <span class='ocrx_word' id='word_1_203' title='bbox 637 3611 739 3672; x_wconf 86' lang='lat' dir='ltr'><strong>baccis</strong></span> <span class='ocrx_word' id='word_1_204' title='bbox 753 3611 902 3688; x_wconf 85' lang='lat' dir='ltr'><strong>minioque</strong></span> <span class='ocrx_word' id='word_1_205' title='bbox 916 3613 1072 3672; x_wconf 87' lang='lat' dir='ltr'><strong>rubentem</strong></span> <span class='ocrx_word' id='word_1_206' title='bbox 1087 3631 1095 3671; x_wconf 81' lang='lat' dir='ltr'><strong>t</strong></span> 
     </span>
    </p>

    <p class='ocr_par' dir='ltr' id='par_1_14' title="bbox 243 3705 1333 3971">
     <span class='ocr_line' id='line_1_31' title="bbox 243 3705 1303 3782; baseline 0.003 -19"><span class='ocrx_word' id='word_1_207' title='bbox 243 3751 246 3757; x_wconf 91' lang='lat'><em>.</em></span> <span class='ocrx_word' id='word_1_208' title='bbox 347 3705 495 3782; x_wconf 85' lang='lat' dir='ltr'><strong>“Ecquis</strong></span> <span class='ocrx_word' id='word_1_209' title='bbox 510 3705 566 3765; x_wconf 88' lang='lat' dir='ltr'><strong>erit</strong></span> <span class='ocrx_word' id='word_1_210' title='bbox 580 3705 684 3768; x_wconf 87' lang='lat' dir='ltr'><strong>modus</strong></span> <span class='ocrx_word' id='word_1_211' title='bbox 701 3705 734 3761; x_wconf 85' lang='lat'><strong>?’&#39;</strong></span> <span class='ocrx_word' id='word_1_212' title='bbox 755 3705 850 3778; x_wconf 87' lang='lat' dir='ltr'><strong>inquit</strong></span> <span class='ocrx_word' id='word_1_213' title='bbox 866 3723 874 3775; x_wconf 90' lang='lat'>;</span> <span class='ocrx_word' id='word_1_214' title='bbox 901 3706 1024 3764; x_wconf 86' lang='lat' dir='ltr'><strong>“Amor</strong></span> <span class='ocrx_word' id='word_1_215' title='bbox 1037 3725 1096 3766; x_wconf 91' lang='lat' dir='ltr'><strong>non</strong></span> <span class='ocrx_word' id='word_1_216' title='bbox 1111 3705 1185 3766; x_wconf 85' lang='lat' dir='ltr'><strong>talia</strong></span> <span class='ocrx_word' id='word_1_217' title='bbox 1197 3712 1303 3768; x_wconf 82' lang='lat' dir='ltr'><strong>curet:</strong></span> 
     </span>
     <span class='ocr_line' id='line_1_32' title="bbox 343 3799 1146 3877; baseline 0.001 -19"><span class='ocrx_word' id='word_1_218' title='bbox 343 3799 374 3859; x_wconf 88' lang='lat' dir='ltr'>N</span> <span class='ocrx_word' id='word_1_219' title='bbox 376 3819 411 3858; x_wconf 88' lang='lat' dir='ltr'><strong>cc</strong></span> <span class='ocrx_word' id='word_1_220' title='bbox 425 3799 566 3876; x_wconf 86' lang='lat' dir='ltr'><strong>lacrymis</strong></span> <span class='ocrx_word' id='word_1_221' title='bbox 579 3799 710 3858; x_wconf 89' lang='lat' dir='ltr'><strong>crudelis</strong></span> <span class='ocrx_word' id='word_1_222' title='bbox 723 3799 827 3870; x_wconf 81' lang='lat' dir='ltr'><strong>Amor,</strong></span> <span class='ocrx_word' id='word_1_223' title='bbox 843 3817 900 3857; x_wconf 92' lang='lat' dir='ltr'><strong>nec</strong></span> <span class='ocrx_word' id='word_1_224' title='bbox 914 3800 1051 3877; x_wconf 80' lang='lat' dir='ltr'><strong>gramina</strong></span> <span class='ocrx_word' id='word_1_225' title='bbox 1064 3801 1146 3873; x_wconf 87' lang='lat' dir='ltr'><strong>rivis,</strong></span> 
     </span>
     <span class='ocr_line' id='line_1_33' title="bbox 345 3891 1333 3971; baseline 0.002 -20"><span class='ocrx_word' id='word_1_226' title='bbox 345 3891 411 3951; x_wconf 89' lang='lat' dir='ltr'><strong>Nec</strong></span> <span class='ocrx_word' id='word_1_227' title='bbox 425 3893 520 3968; x_wconf 87' lang='lat' dir='ltr'><strong>cytiso</strong></span> <span class='ocrx_word' id='word_1_228' title='bbox 534 3901 707 3952; x_wconf 84' lang='lat' dir='ltr'><strong>saturantur</strong></span> <span class='ocrx_word' id='word_1_229' title='bbox 721 3911 805 3971; x_wconf 87' lang='lat' dir='ltr'><strong>apes,</strong></span> <span class='ocrx_word' id='word_1_230' title='bbox 821 3911 878 3952; x_wconf 89' lang='lat' dir='ltr'><strong>nce</strong></span> <span class='ocrx_word' id='word_1_231' title='bbox 891 3893 996 3951; x_wconf 84' lang='lat' dir='ltr'><strong>fronde</strong></span> <span class='ocrx_word' id='word_1_232' title='bbox 1011 3895 1168 3971; x_wconf 80' lang='lat' dir='ltr'><strong>capellas.”</strong></span> <span class='ocrx_word' id='word_1_233' title='bbox 1292 3896 1333 3953; x_wconf 81' lang='grc'><strong>30</strong></span> 
     </span>
    </p>

    <p class='ocr_par' dir='ltr' id='par_1_15' title="bbox 343 3985 1330 4534">
     <span class='ocr_line' id='line_1_34' title="bbox 382 3985 1299 4065; baseline 0.008 -22"><span class='ocrx_word' id='word_1_234' title='bbox 382 3985 493 4043; x_wconf 87' lang='lat' dir='ltr'><strong>Tristis</strong></span> <span class='ocrx_word' id='word_1_235' title='bbox 507 3993 536 4046; x_wconf 85' lang='lat' dir='ltr'><strong>at</strong></span> <span class='ocrx_word' id='word_1_236' title='bbox 549 3986 599 4046; x_wconf 88' lang='lat' dir='ltr'><strong>ille</strong></span> <span class='ocrx_word' id='word_1_237' title='bbox 614 4005 622 4056; x_wconf 88' lang='lat'>;</span> <span class='ocrx_word' id='word_1_238' title='bbox 652 3992 673 4020; x_wconf 79' lang='lat'><strong>‘⁴</strong></span> <span class='ocrx_word' id='word_1_239' title='bbox 684 3985 803 4046; x_wconf 85' lang='lat' dir='ltr'><strong>Tamen</strong></span> <span class='ocrx_word' id='word_1_240' title='bbox 823 3987 992 4058; x_wconf 82' lang='lat' dir='ltr'><strong>cantabitis,</strong></span> <span class='ocrx_word' id='word_1_241' title='bbox 1006 3987 1179 4058; x_wconf 84' lang='lat' dir='ltr'><strong>Arcades,&#39;&#39;</strong></span> <span class='ocrx_word' id='word_1_242' title='bbox 1192 3987 1299 4065; x_wconf 84' lang='lat' dir='ltr'><strong>inquit,</strong></span> 
     </span>
     <span class='ocr_line' id='line_1_35' title="bbox 347 4078 1071 4159; baseline 0.003 -23"><span class='ocrx_word' id='word_1_243' title='bbox 347 4082 368 4110; x_wconf 77' lang='lat'><strong>‘⁸</strong></span> <span class='ocrx_word' id='word_1_244' title='bbox 379 4078 532 4138; x_wconf 90' lang='lat' dir='ltr'><strong>Montibus</strong></span> <span class='ocrx_word' id='word_1_245' title='bbox 545 4079 610 4138; x_wconf 73' lang='lat' dir='ltr'><strong>haec</strong></span> <span class='ocrx_word' id='word_1_246' title='bbox 624 4080 732 4138; x_wconf 85' lang='lat' dir='ltr'><strong>vestris</strong></span> <span class='ocrx_word' id='word_1_247' title='bbox 745 4099 753 4150; x_wconf 83' lang='lat'>3</span> <span class='ocrx_word' id='word_1_248' title='bbox 777 4080 833 4142; x_wconf 82' lang='lat' dir='ltr'><strong>soli</strong></span> <span class='ocrx_word' id='word_1_249' title='bbox 847 4090 971 4145; x_wconf 87' lang='lat' dir='ltr'><strong>cantare</strong></span> <span class='ocrx_word' id='word_1_250' title='bbox 984 4081 1071 4159; x_wconf 86' lang='lat' dir='ltr'><strong>periti</strong></span> 
     </span>
     <span class='ocr_line' id='line_1_36' title="bbox 343 4170 1230 4250; baseline 0.005 -19"><span class='ocrx_word' id='word_1_251' title='bbox 343 4171 488 4231; x_wconf 87' lang='lat' dir='ltr'><strong>Arcades.</strong></span> <span class='ocrx_word' id='word_1_252' title='bbox 531 4170 561 4231; x_wconf 95' lang='grc' dir='ltr'>Ο</span> <span class='ocrx_word' id='word_1_253' title='bbox 574 4173 644 4230; x_wconf 85' lang='lat' dir='ltr'><strong>mihi</strong></span> <span class='ocrx_word' id='word_1_254' title='bbox 657 4181 720 4231; x_wconf 89' lang='lat' dir='ltr'><strong>tum</strong></span> <span class='ocrx_word' id='word_1_255' title='bbox 735 4174 825 4249; x_wconf 76' lang='lat' dir='ltr'><strong>qudrn</strong></span> <span class='ocrx_word' id='word_1_256' title='bbox 837 4175 966 4234; x_wconf 89' lang='lat' dir='ltr'><strong>molliter</strong></span> <span class='ocrx_word' id='word_1_257' title='bbox 979 4193 1049 4232; x_wconf 89' lang='lat' dir='ltr'><strong>ossa</strong></span> <span class='ocrx_word' id='word_1_258' title='bbox 1063 4173 1230 4250; x_wconf 85' lang='lat' dir='ltr'><strong>quiescant,</strong></span> 
     </span>
     <span class='ocr_line' id='line_1_37' title="bbox 343 4264 1034 4327; baseline 0.004 -4"><span class='ocrx_word' id='word_1_259' title='bbox 343 4264 456 4324; x_wconf 88' lang='lat' dir='ltr'><strong>Vestra</strong></span> <span class='ocrx_word' id='word_1_260' title='bbox 469 4285 551 4325; x_wconf 88' lang='lat' dir='ltr'><strong>meos</strong></span> <span class='ocrx_word' id='word_1_261' title='bbox 565 4265 635 4324; x_wconf 89' lang='lat' dir='ltr'><strong>olim</strong></span> <span class='ocrx_word' id='word_1_262' title='bbox 647 4265 672 4324; x_wconf 89' lang='lat' dir='ltr'><strong>si</strong></span> <span class='ocrx_word' id='word_1_263' title='bbox 686 4265 786 4325; x_wconf 85' lang='lat' dir='ltr'><strong>fistula</strong></span> <span class='ocrx_word' id='word_1_264' title='bbox 799 4267 879 4327; x_wconf 89' lang='lat' dir='ltr'><strong>dicat</strong></span> <span class='ocrx_word' id='word_1_265' title='bbox 894 4285 1011 4327; x_wconf 84' lang='lat' dir='ltr'><strong>amores</strong></span> <span class='ocrx_word' id='word_1_266' title='bbox 1026 4270 1034 4326; x_wconf 75' lang='grc' dir='ltr'>Ι</span> 
     </span>
     <span class='ocr_line' id='line_1_38' title="bbox 343 4358 1330 4437; baseline 0.008 -21"><span class='ocrx_word' id='word_1_267' title='bbox 343 4359 443 4437; x_wconf 89' lang='lat' dir='ltr'><strong>Atque</strong></span> <span class='ocrx_word' id='word_1_268' title='bbox 457 4359 570 4418; x_wconf 86' lang='lat' dir='ltr'><strong>utinam</strong></span> <span class='ocrx_word' id='word_1_269' title='bbox 583 4377 621 4417; x_wconf 86' lang='lat' dir='ltr'><strong>ex</strong></span> <span class='ocrx_word' id='word_1_270' title='bbox 633 4358 718 4418; x_wconf 84' lang='lat' dir='ltr'><strong>vobis</strong></span> <span class='ocrx_word' id='word_1_271' title='bbox 732 4378 821 4433; x_wconf 90' lang='lat' dir='ltr'><strong>unns,</strong></span> <span class='ocrx_word' id='word_1_272' title='bbox 836 4361 987 4437; x_wconf 84' lang='lat' dir='ltr'><strong>vestrique</strong></span> <span class='ocrx_word' id='word_1_273' title='bbox 1000 4359 1123 4420; x_wconf 75' lang='lat' dir='ltr'><strong>finissem</strong></span> <span class='ocrx_word' id='word_1_274' title='bbox 1289 4363 1330 4424; x_wconf 75' lang='lat'><strong>³5</strong></span> 
     </span>
     <span class='ocr_line' id='line_1_39' title="bbox 343 4452 1072 4534; baseline 0.004 -21"><span class='ocrx_word' id='word_1_275' title='bbox 343 4453 405 4513; x_wconf 88' lang='lat' dir='ltr'><strong>Aut</strong></span> <span class='ocrx_word' id='word_1_276' title='bbox 418 4461 520 4514; x_wconf 87' lang='lat' dir='ltr'><strong>custos</strong></span> <span class='ocrx_word' id='word_1_277' title='bbox 532 4452 645 4534; x_wconf 78' lang='lat' dir='ltr'><strong>gregis,</strong></span> <span class='ocrx_word' id='word_1_278' title='bbox 662 4461 713 4512; x_wconf 90' lang='lat' dir='ltr'><strong>aut</strong></span> <span class='ocrx_word' id='word_1_279' title='bbox 726 4461 852 4514; x_wconf 74' lang='lat' dir='ltr'><strong>maturae</strong></span> <span class='ocrx_word' id='word_1_280' title='bbox 864 4454 973 4514; x_wconf 83' lang='lat' dir='ltr'><strong>vinitor</strong></span> <span class='ocrx_word' id='word_1_281' title='bbox 985 4472 1052 4514; x_wconf 77' lang='lat' dir='ltr'><strong>uve</strong></span> <span class='ocrx_word' id='word_1_282' title='bbox 1065 4458 1072 4516; x_wconf 93' lang='lat'>!</span> 
     </span>
    </p>
   </div>
   <div class='ocr_carea' id='block_1_4' title="bbox 0 0 1588 5234">
    <p class='ocr_par' dir='ltr' id='par_1_16' title="bbox 0 0 1588 5234">
     <span class='ocr_line' id='line_1_40' title="bbox 0 0 1588 5234; baseline 0 1"><span class='ocrx_word' id='word_1_283' title='bbox 0 0 1588 5234; x_wconf 95' lang='lat' dir='ltr'><strong> </strong></span> 
     </span>
    </p>
   </div>
  </div>
 </body>
</html>
