3167 5234
579 567 752 618 AENEIDOS
771 565 842 618 ms.
856 571 886 618 V.

236 715 292 774 lus
303 711 401 772 Notos
415 715 506 786 etque
521 716 587 768 utre
600 709 704 768 volsus
718 709 747 767 in
761 710 863 768 nubile
875 709 960 788 sugit.

235 809 312 868 'lum
325 805 458 884 rapidus,
477 803 652 880 jamdudum
666 821 740 862 uren
754 811 894 864 contente
906 812 1012 882 pereto

226 903 310 960 'Tele
323 909 441 970 teneus,
457 898 581 956 fruti-em
593 897 742 974 Eurytion
757 898 786 956 in
799 905 870 956 vote
882 899 1011 971 vocarit,

232 993 302 1054 dum
316 1012 413 1052 vecuo
427 993 527 1050 lmtem
540 991 619 1050 coelo
633 990 815 1067 speculatus,
831 997 863 1049 et
876 991 933 1050 olis

233 1087 429 1148 Pisudeutem
442 1083 531 1163 nigris
544 1085 608 1162 figit
622 1086 677 1144 sub
691 1085 770 1142 nube
784 1085 961 1144 coiumbem.

233 1179 356 1240 Decidit
369 1179 523 1250 exanimis,
540 1178 691 1254 vitemque
704 1178 825 1255 reliquit
837 1178 869 1237 in
881 1178 971 1238 settis

232 1273 392 1345 AEtberiis‚
408 1273 556 1348 fixumque
570 1272 661 1330 refert
675 1271 798 1350 delapsu
810 1273 959 1350 sagittam.

232 1364 354 1425 Amissi
367 1367 449 1424 solus
463 1363 563 1442 palmi
575 1366 737 1442 superabat
749 1367 879 1424 Acestes
895 1383 904 1436 ς

232 1458 296 1527 Qui
309 1456 409 1517 temen
423 1459 522 1534 sirim
535 1459 627 1516 telum
641 1459 792 1516 contendit
806 1458 837 1517 in
850 1476 951 1531 eures,

234 1552 395 1612 Osteutsus
409 1561 563 1629 artemque
577 1560 662 1629 puter
676 1569 839 1629 eroumque
853 1560 1017 1612 sonantem.

234 1645 297 1706 Hic
309 1647 405 1705 oculis
419 1646 548 1706 subitum
561 1646 700 1722 objicitur
714 1665 884 1724 magnoque
902 1647 1034 1706 futurum

233 1741 370 1819 Augurio
383 1749 564 1799 monstrum:
587 1741 687 1799 docuit
708 1739 774 1818 pdst
788 1740 886 1799 exitus
899 1740 1007 1819 ingens
1024 1760 1032 1811 ;

234 1835 368 1911 Sereque
382 1833 506 1892 terrifici
519 1834 693 1892 cecinerunt
707 1834 806 1892 omine
819 1845 913 1893 vetes.

232 1929 371 2006 Namque
385 1930 489 1988 volens
502 1929 621 2006 liquidis
641 1929 670 1988 iu
684 1929 813 1988 nubibus
827 1929 899 1986 ursit
913 1927 1039 2002 mundo,

233 2023 429 2102 Signevitque
442 2023 521 2083 viem
537 2022 672 2095 flammis,
688 2031 855 2099 tenuesque
870 2021 995 2082 recessit

233 2115 419 2195 Consumpta
430 2117 460 2176 iu
474 2125 599 2178 uentos:
621 2117 700 2178 coelo
713 2135 771 2175 ceu
784 2117 865 2194 saepb
879 2117 975 2175 refixo

232 2211 467 2282 Treusouiruut,
483 2210 656 2287 crinemque
670 2211 801 2269 voluntis
813 2209 914 2269 sidere
927 2211 1048 2270 ducunt.

232 2305 373 2364 Attonitis
387 2303 502 2364 hesire
517 2304 631 2376 enimin,
649 2305 840 2381 Superosque
854 2305 978 2382 precati,

231 2397 383 2457 Trinacrii
394 2395 568 2474 Teucrique
582 2399 637 2456 viri
654 2416 661 2454 :
683 2417 741 2456 nec
754 2398 901 2456 maximus
914 2416 1002 2456 omen

233 2493 344 2552 Abnuit
359 2490 475 2550 AEuess
491 2509 498 2562 ;
523 2491 576 2550 sed
592 2493 693 2550 laetum
707 2492 861 2569 ampiexus
874 2493 1008 2550 Acesten

233 2585 410 2645 Muneribus
425 2586 557 2645 cumulet
571 2583 697 2663 mugnis,
714 2603 751 2643 uc
764 2585 838 2643 tulis
850 2585 929 2644 imur
943 2603 951 2642 ε

235 2679 333 2752 Sume,
351 2689 436 2758 peter
451 2699 459 2749 ;
482 2697 550 2738 uem
563 2687 593 2737 te
608 2679 699 2738 voluit
713 2697 767 2736 rex
780 2697 906 2758 mugnus
919 2677 1039 2758 Olympi

209 2759 220 2782 ⁴
233 2773 358 2833 Tannus
373 2772 513 2851 auspiciis
526 2781 675 2831 exsortem
688 2773 801 2832 ducere
815 2773 953 2833 bonores.

233 2867 331 2945 ipsius
344 2866 486 2926 Anchises
499 2866 627 2944 iongaevi
644 2865 703 2926 hoo
716 2885 823 2925 munus
836 2865 971 2939 hebebis,

235 2947 363 3022 Cratero
377 2961 553 3039 impressum
565 2960 670 3038 signis,
688 2979 776 3037 quem
789 2959 941 3023 Thracius
954 2961 1023 3020 olim

234 3057 372 3116 Auchism
386 3055 513 3134 genitori
533 3055 561 3114 in
575 3073 683 3134 magno
696 3073 820 3114 munere
834 3054 961 3116 Cisseus

233 3149 327 3209 Ferre
340 3150 389 3209 sui
402 3149 524 3208 dederet
537 3159 757 3208 monumentum
771 3157 801 3208 et
815 3149 922 3228 pignus
937 3149 1055 3209 umoris.

233 3243 282 3302 Sic
296 3244 386 3314 setus,
401 3243 495 3320 cingit
508 3241 647 3301 viridanti
659 3251 794 3320 tempore
807 3243 902 3316 leuro,

233 3333 272 3396 Et
293 3339 419 3415 primum
435 3344 505 3394 aute
519 3355 621 3394 omnes
636 3337 777 3395 victorem
791 3337 922 3415 appellat
934 3336 1076 3396 Acesten.

233 3431 298 3490 Nec
312 3433 408 3490 bouus
421 3431 568 3507 Eurytion
582 3431 705 3507 praelsto
719 3429 822 3488 invidit
835 3429 951 3502 honori,

205 3531 208 3536 '
234 3523 378 3591 Quemvis
392 3525 474 3583 sotus
488 3541 574 3581 nvem
587 3525 665 3582 coelo
679 3523 787 3600 dejecit
802 3525 840 3582 sb
854 3524 924 3583 ulto.

232 3616 388 3678 Proximus
401 3615 567 3696 ingreditur
580 3615 675 3689 donis,
692 3618 744 3694 qui
757 3617 876 3676 vinculo
888 3617 966 3695 rupit
980 3637 989 3686 ;

232 3709 402 3783 Extremus,
419 3710 533 3770 volucri
548 3711 599 3787 qui
613 3711 675 3770 fixit
690 3709 834 3769 arundine
848 3712 967 3769 mulum.

184 3810 192 3830 ¹
207 3807 238 3822 “
270 3805 311 3864 At
325 3813 410 3882 peter
422 3803 551 3874 AEuees,
568 3803 696 3862 noudum
711 3805 873 3863 certamine
886 3803 987 3873 misso,
1025 3801 1030 3808 ’
1055 3795 1059 3802 ’

231 3897 397 3958 Custodem
410 3897 449 3956 ed
462 3915 530 3956 sese
545 3887 741 3974 comitemque
755 3897 881 3974 impubis
895 3894 961 3960 Iuli

231 3991 381 4069 Epytiden
395 4001 492 4064 vocnt,
509 3998 539 4050 et
552 3991 642 4049 fidem
655 3991 699 4049 sic
714 3989 792 4049 tatur
806 3990 844 4048 sd
859 4009 962 4048 eurem
976 4009 984 4047 :

232 4084 317 4144 Vade
331 4105 400 4164 ugo,
417 4093 447 4144 et
460 4085 603 4157 Ascanio,
619 4085 645 4144 si
661 4084 725 4161 jum
739 4081 854 4162 puerile
869 4091 1006 4161 peretum

228 4179 348 4257 Agmen
361 4179 452 4237 hebet
466 4197 579 4250 secum,
595 4198 761 4256 cursusque
776 4178 914 4237 instruxit
927 4195 1081 4255 equorum,

226 4269 332 4330 Ducat
346 4291 404 4330 evo
417 4281 541 4345 turmas,
558 4279 587 4332 et
601 4293 669 4332 sese
683 4273 819 4332 ostendet
832 4273 863 4331 in
876 4272 977 4345 ermis,

225 4363 299 4438 Dic,
315 4365 367 4425 eit.
409 4365 479 4445 lpse
493 4385 610 4427 omnem
623 4369 712 4447 longo
725 4368 873 4427 decedere
886 4365 967 4426 circo
