<?xml version="1.0" encoding="UTF-8"?>
<!DOCTYPE html PUBLIC "-//W3C//DTD XHTML 1.0 Transitional//EN"
    "http://www.w3.org/TR/xhtml1/DTD/xhtml1-transitional.dtd">
<html xmlns="http://www.w3.org/1999/xhtml" xml:lang="en" lang="en">
 <head>
  <title>
</title>
<meta http-equiv="Content-Type" content="text/html;charset=utf-8" />
  <meta name='ocr-system' content='tesseract 3.04.00' />
  <meta name='ocr-capabilities' content='ocr_page ocr_carea ocr_par ocr_line ocrx_word'/>
</head>
<body>
  <div class='ocr_page' id='page_1' title='image "./pvirgiliimaroni01bowegoog/pvirgiliimaroni01bowegoog_0216.png"; bbox 0 0 3167 5234; ppageno 0'>
   <div class='ocr_carea' id='block_1_1' title="bbox 355 511 1166 620">
    <p class='ocr_par' dir='ltr' id='par_1_1' title="bbox 355 511 1166 620">
     <span class='ocr_line' id='line_1_1' title="bbox 355 511 1166 620; baseline -0.023 -8"><span class='ocrx_word' id='word_1_1' title='bbox 355 562 419 620; x_wconf 70' lang='lat' dir='ltr'><strong>eu</strong></span> <span class='ocrx_word' id='word_1_2' title='bbox 646 554 673 601; x_wconf 83' lang='lat' dir='ltr'><strong>r.</strong></span> <span class='ocrx_word' id='word_1_3' title='bbox 697 548 867 599; x_wconf 75' lang='lat' dir='ltr'><strong>vinorum</strong></span> <span class='ocrx_word' id='word_1_4' title='bbox 894 548 1066 597; x_wconf 75' lang='lat' dir='ltr'><strong>rainonis</strong></span> <span class='ocrx_word' id='word_1_5' title='bbox 1159 511 1166 527; x_wconf 78' lang='grc'><em>’</em></span> 
     </span>
    </p>
   </div>
   <div class='ocr_carea' id='block_1_2' title="bbox 355 690 1349 4407">
    <p class='ocr_par' dir='ltr' id='par_1_2' title="bbox 355 690 1349 4032">
     <span class='ocr_line' id='line_1_2' title="bbox 356 690 1107 774; baseline -0.013 -18"><span class='ocrx_word' id='word_1_6' title='bbox 356 694 549 774; x_wconf 86' lang='lat' dir='ltr'><strong>Consumptis</strong></span> <span class='ocrx_word' id='word_1_7' title='bbox 562 692 612 751; x_wconf 88' lang='lat' dir='ltr'><strong>hic</strong></span> <span class='ocrx_word' id='word_1_8' title='bbox 626 693 702 750; x_wconf 85' lang='lat' dir='ltr'><strong>forte</strong></span> <span class='ocrx_word' id='word_1_9' title='bbox 714 690 792 762; x_wconf 86' lang='lat' dir='ltr'><strong>aliis,</strong></span> <span class='ocrx_word' id='word_1_10' title='bbox 808 698 841 749; x_wconf 85' lang='lat' dir='ltr'><strong>ot</strong></span> <span class='ocrx_word' id='word_1_11' title='bbox 855 698 973 750; x_wconf 82' lang='lat' dir='ltr'><strong>uertere</strong></span> <span class='ocrx_word' id='word_1_12' title='bbox 989 704 1107 747; x_wconf 86' lang='lat' dir='ltr'><strong>morsus</strong></span> 
     </span>
     <span class='ocr_line' id='line_1_3' title="bbox 355 779 1213 867; baseline -0.015 -19"><span class='ocrx_word' id='word_1_13' title='bbox 355 788 506 867; x_wconf 75' lang='lat' dir='ltr'><strong>Exiguam</strong></span> <span class='ocrx_word' id='word_1_14' title='bbox 520 788 551 847; x_wconf 88' lang='lat' dir='ltr'><strong>in</strong></span> <span class='ocrx_word' id='word_1_15' title='bbox 565 787 711 846; x_wconf 83' lang='lat' dir='ltr'><strong>Cererem</strong></span> <span class='ocrx_word' id='word_1_16' title='bbox 728 785 852 862; x_wconf 83' lang='lat' dir='ltr'><strong>penuria</strong></span> <span class='ocrx_word' id='word_1_17' title='bbox 867 783 967 861; x_wconf 86' lang='lat' dir='ltr'><strong>adegit</strong></span> <span class='ocrx_word' id='word_1_18' title='bbox 987 779 1104 851; x_wconf 83' lang='lat' dir='ltr'><strong>edendi,</strong></span> <span class='ocrx_word' id='word_1_19' title='bbox 1208 860 1213 867; x_wconf 19' lang='grc' dir='ltr'><em>η</em></span> 
     </span>
     <span class='ocr_line' id='line_1_4' title="bbox 355 876 1087 955; baseline -0.015 -13"><span class='ocrx_word' id='word_1_20' title='bbox 355 876 398 941; x_wconf 81' lang='lat' dir='ltr'><strong>Et</strong></span> <span class='ocrx_word' id='word_1_21' title='bbox 412 883 526 940; x_wconf 85' lang='lat' dir='ltr'><strong>violare</strong></span> <span class='ocrx_word' id='word_1_22' title='bbox 539 897 630 939; x_wconf 78' lang='lat' dir='ltr'><strong>mauu</strong></span> <span class='ocrx_word' id='word_1_23' title='bbox 643 878 790 955; x_wconf 80' lang='lat' dir='ltr'><strong>malisque</strong></span> <span class='ocrx_word' id='word_1_24' title='bbox 804 876 969 936; x_wconf 88' lang='lat' dir='ltr'><strong>audacibus</strong></span> <span class='ocrx_word' id='word_1_25' title='bbox 982 876 1087 933; x_wconf 90' lang='lat' dir='ltr'><strong>orbem</strong></span> 
     </span>
     <span class='ocr_line' id='line_1_5' title="bbox 356 964 1344 1050; baseline -0.012 -16"><span class='ocrx_word' id='word_1_26' title='bbox 356 974 472 1034; x_wconf 83' lang='lat' dir='ltr'><strong>Fatalis</strong></span> <span class='ocrx_word' id='word_1_27' title='bbox 486 973 589 1045; x_wconf 88' lang='lat' dir='ltr'><strong>crusti,</strong></span> <span class='ocrx_word' id='word_1_28' title='bbox 605 972 715 1050; x_wconf 82' lang='lat' dir='ltr'><strong>patulis</strong></span> <span class='ocrx_word' id='word_1_29' title='bbox 728 988 786 1029; x_wconf 86' lang='lat' dir='ltr'><strong>nse</strong></span> <span class='ocrx_word' id='word_1_30' title='bbox 804 985 929 1048; x_wconf 81' lang='lat' dir='ltr'><strong>parcere</strong></span> <span class='ocrx_word' id='word_1_31' title='bbox 944 966 1085 1044; x_wconf 85' lang='lat' dir='ltr'><strong>quadris:</strong></span> <span class='ocrx_word' id='word_1_32' title='bbox 1289 964 1344 1024; x_wconf 73' lang='grc'><strong>115</strong></span> 
     </span>
     <span class='ocr_line' id='line_1_6' title="bbox 357 1056 1170 1137; baseline -0.01 -10"><span class='ocrx_word' id='word_1_33' title='bbox 357 1068 447 1127; x_wconf 89' lang='lat' dir='ltr'><strong>Heus</strong></span> <span class='ocrx_word' id='word_1_34' title='bbox 460 1072 467 1125; x_wconf 88' lang='grc'><strong>1</strong></span> <span class='ocrx_word' id='word_1_35' title='bbox 489 1068 578 1125; x_wconf 89' lang='lat' dir='ltr'><strong>etiam</strong></span> <span class='ocrx_word' id='word_1_36' title='bbox 592 1082 712 1124; x_wconf 81' lang='lat' dir='ltr'><strong>mensas</strong></span> <span class='ocrx_word' id='word_1_37' title='bbox 725 1064 946 1122; x_wconf 86' lang='lat' dir='ltr'><strong>consumimus!</strong></span> <span class='ocrx_word' id='word_1_38' title='bbox 969 1060 1060 1137; x_wconf 87' lang='lat' dir='ltr'><strong>iuquit</strong></span> <span class='ocrx_word' id='word_1_39' title='bbox 1077 1056 1170 1119; x_wconf 83' lang='lat' dir='ltr'><strong>Iulos.</strong></span> 
     </span>
     <span class='ocr_line' id='line_1_7' title="bbox 357 1156 1109 1240; baseline -0.012 -20"><span class='ocrx_word' id='word_1_40' title='bbox 357 1161 425 1221; x_wconf 90' lang='lat' dir='ltr'><strong>Nec</strong></span> <span class='ocrx_word' id='word_1_41' title='bbox 439 1162 524 1240; x_wconf 88' lang='lat' dir='ltr'><strong>plura</strong></span> <span class='ocrx_word' id='word_1_42' title='bbox 537 1160 683 1219; x_wconf 67' lang='lat' dir='ltr'><strong>alludens,</strong></span> <span class='ocrx_word' id='word_1_43' title='bbox 725 1159 774 1217; x_wconf 88' lang='lat' dir='ltr'><strong>Ea</strong></span> <span class='ocrx_word' id='word_1_44' title='bbox 787 1176 845 1215; x_wconf 85' lang='lat' dir='ltr'><strong>vox</strong></span> <span class='ocrx_word' id='word_1_45' title='bbox 859 1156 961 1215; x_wconf 81' lang='lat' dir='ltr'><strong>audita</strong></span> <span class='ocrx_word' id='word_1_46' title='bbox 974 1156 1109 1213; x_wconf 84' lang='lat' dir='ltr'><strong>laborum</strong></span> 
     </span>
     <span class='ocr_line' id='line_1_8' title="bbox 357 1249 1133 1329; baseline -0.012 -16"><span class='ocrx_word' id='word_1_47' title='bbox 357 1254 460 1313; x_wconf 88' lang='lat' dir='ltr'><strong>Prima</strong></span> <span class='ocrx_word' id='word_1_48' title='bbox 472 1254 538 1312; x_wconf 89' lang='lat' dir='ltr'><strong>tulit</strong></span> <span class='ocrx_word' id='word_1_49' title='bbox 552 1253 652 1323; x_wconf 91' lang='lat' dir='ltr'><strong>finem,</strong></span> <span class='ocrx_word' id='word_1_50' title='bbox 669 1252 853 1329; x_wconf 86' lang='lat' dir='ltr'><strong>primamque</strong></span> <span class='ocrx_word' id='word_1_51' title='bbox 867 1250 1015 1326; x_wconf 89' lang='lat' dir='ltr'><strong>loquentis</strong></span> <span class='ocrx_word' id='word_1_52' title='bbox 1029 1249 1066 1305; x_wconf 90' lang='lat' dir='ltr'><strong>ab</strong></span> <span class='ocrx_word' id='word_1_53' title='bbox 1080 1262 1133 1305; x_wconf 82' lang='lat' dir='ltr'><strong>ore</strong></span> 
     </span>
     <span class='ocr_line' id='line_1_9' title="bbox 357 1341 1098 1426; baseline -0.009 -20"><span class='ocrx_word' id='word_1_54' title='bbox 357 1347 476 1426; x_wconf 81' lang='lat' dir='ltr'><strong>Eripuit</strong></span> <span class='ocrx_word' id='word_1_55' title='bbox 490 1355 584 1426; x_wconf 88' lang='lat' dir='ltr'><strong>puter,</strong></span> <span class='ocrx_word' id='word_1_56' title='bbox 600 1362 639 1404; x_wconf 81' lang='lat' dir='ltr'><strong>ac</strong></span> <span class='ocrx_word' id='word_1_57' title='bbox 650 1345 836 1422; x_wconf 70' lang='lat' dir='ltr'><strong>stupefactus</strong></span> <span class='ocrx_word' id='word_1_58' title='bbox 850 1344 968 1401; x_wconf 89' lang='lat' dir='ltr'><strong>nurnine</strong></span> <span class='ocrx_word' id='word_1_59' title='bbox 982 1341 1098 1419; x_wconf 86' lang='lat' dir='ltr'><strong>pressit.</strong></span> 
     </span>
     <span class='ocr_line' id='line_1_10' title="bbox 359 1435 1346 1512; baseline -0.008 -11"><span class='ocrx_word' id='word_1_60' title='bbox 359 1440 521 1512; x_wconf 85' lang='lat' dir='ltr'><strong>Continud,</strong></span> <span class='ocrx_word' id='word_1_61' title='bbox 539 1440 639 1511; x_wconf 78' lang='lat' dir='ltr'><strong>Salve,</strong></span> <span class='ocrx_word' id='word_1_62' title='bbox 654 1438 724 1497; x_wconf 82' lang='lat' dir='ltr'><strong>fatis</strong></span> <span class='ocrx_word' id='word_1_63' title='bbox 736 1438 808 1495; x_wconf 83' lang='lat' dir='ltr'><strong>milri</strong></span> <span class='ocrx_word' id='word_1_64' title='bbox 822 1437 923 1495; x_wconf 89' lang='lat' dir='ltr'><strong>debita</strong></span> <span class='ocrx_word' id='word_1_65' title='bbox 936 1436 1051 1506; x_wconf 85' lang='lat' dir='ltr'><strong>Tellus,</strong></span> <span class='ocrx_word' id='word_1_66' title='bbox 1288 1435 1346 1493; x_wconf 57' lang='lat'><strong>18)</strong></span> 
     </span>
     <span class='ocr_line' id='line_1_11' title="bbox 358 1530 1085 1610; baseline -0.004 -20"><span class='ocrx_word' id='word_1_67' title='bbox 358 1532 495 1610; x_wconf 90' lang='lat' dir='ltr'><strong>Vosque,</strong></span> <span class='ocrx_word' id='word_1_68' title='bbox 511 1533 563 1605; x_wconf 88' lang='lat' dir='ltr'><strong>uit,</strong></span> <span class='ocrx_word' id='word_1_69' title='bbox 580 1554 598 1591; x_wconf 94' lang='lat' dir='ltr'><strong>o</strong></span> <span class='ocrx_word' id='word_1_70' title='bbox 612 1533 663 1591; x_wconf 88' lang='lat' dir='ltr'><strong>fidi</strong></span> <span class='ocrx_word' id='word_1_71' title='bbox 676 1533 788 1608; x_wconf 77' lang='lat' dir='ltr'><strong>Trojm,</strong></span> <span class='ocrx_word' id='word_1_72' title='bbox 805 1531 930 1601; x_wconf 85' lang='lat' dir='ltr'><strong>salvete,</strong></span> <span class='ocrx_word' id='word_1_73' title='bbox 945 1530 1085 1588; x_wconf 75' lang='lat' dir='ltr'>Penates.</span> 
     </span>
     <span class='ocr_line' id='line_1_12' title="bbox 358 1622 1308 1703; baseline -0.005 -17"><span class='ocrx_word' id='word_1_74' title='bbox 358 1626 423 1686; x_wconf 85' lang='lat' dir='ltr'><strong>Hic</strong></span> <span class='ocrx_word' id='word_1_75' title='bbox 437 1627 551 1698; x_wconf 91' lang='lat' dir='ltr'><strong>domus,</strong></span> <span class='ocrx_word' id='word_1_76' title='bbox 567 1627 633 1685; x_wconf 79' lang='lat' dir='ltr'><strong>hrec</strong></span> <span class='ocrx_word' id='word_1_77' title='bbox 648 1627 743 1703; x_wconf 81' lang='lat' dir='ltr'><strong>petria</strong></span> <span class='ocrx_word' id='word_1_78' title='bbox 757 1635 812 1685; x_wconf 91' lang='lat' dir='ltr'><strong>est.</strong></span> <span class='ocrx_word' id='word_1_79' title='bbox 855 1624 983 1685; x_wconf 76' lang='lat' dir='ltr'><strong>Genitor</strong></span> <span class='ocrx_word' id='word_1_80' title='bbox 996 1623 1066 1681; x_wconf 83' lang='lat' dir='ltr'><strong>milri</strong></span> <span class='ocrx_word' id='word_1_81' title='bbox 1079 1622 1162 1695; x_wconf 86' lang='lat' dir='ltr'><strong>talia,</strong></span> <span class='ocrx_word' id='word_1_82' title='bbox 1178 1635 1308 1700; x_wconf 77' lang='lat' dir='ltr'><strong>namque</strong></span> 
     </span>
     <span class='ocr_line' id='line_1_13' title="bbox 358 1714 1165 1797; baseline -0.007 -18"><span class='ocrx_word' id='word_1_83' title='bbox 358 1719 387 1779; x_wconf 96' lang='lat' dir='ltr'><strong>N</strong></span> <span class='ocrx_word' id='word_1_84' title='bbox 391 1739 449 1778; x_wconf 91' lang='lat' dir='ltr'><strong>unc</strong></span> <span class='ocrx_word' id='word_1_85' title='bbox 463 1728 577 1797; x_wconf 81' lang='lat' dir='ltr'><strong>repeto,</strong></span> <span class='ocrx_word' id='word_1_86' title='bbox 592 1720 743 1779; x_wconf 78' lang='lat' dir='ltr'><strong>Anchises</strong></span> <span class='ocrx_word' id='word_1_87' title='bbox 757 1720 885 1777; x_wconf 86' lang='lat' dir='ltr'><strong>satorum</strong></span> <span class='ocrx_word' id='word_1_88' title='bbox 899 1732 1012 1776; x_wconf 81' lang='lat' dir='ltr'><strong>aroana</strong></span> <span class='ocrx_word' id='word_1_89' title='bbox 1025 1714 1165 1793; x_wconf 86' lang='lat' dir='ltr'><strong>reliquit:</strong></span> 
     </span>
     <span class='ocr_line' id='line_1_14' title="bbox 360 1812 1134 1891; baseline -0.006 -19"><span class='ocrx_word' id='word_1_90' title='bbox 360 1812 462 1880; x_wconf 81' lang='lat' dir='ltr'><strong>Quum</strong></span> <span class='ocrx_word' id='word_1_91' title='bbox 474 1822 516 1885; x_wconf 91' lang='lat' dir='ltr'><strong>te,</strong></span> <span class='ocrx_word' id='word_1_92' title='bbox 531 1821 610 1883; x_wconf 84' lang='lat' dir='ltr'><strong>nate,</strong></span> <span class='ocrx_word' id='word_1_93' title='bbox 627 1812 720 1871; x_wconf 75' lang='lat' dir='ltr'><strong>lomes</strong></span> <span class='ocrx_word' id='word_1_94' title='bbox 733 1813 836 1891; x_wconf 84' lang='lat' dir='ltr'><strong>ignota</strong></span> <span class='ocrx_word' id='word_1_95' title='bbox 851 1812 888 1869; x_wconf 87' lang='lat' dir='ltr'><strong>ad</strong></span> <span class='ocrx_word' id='word_1_96' title='bbox 902 1812 1003 1869; x_wconf 75' lang='lat' dir='ltr'><strong>littora</strong></span> <span class='ocrx_word' id='word_1_97' title='bbox 1016 1818 1134 1868; x_wconf 84' lang='lat' dir='ltr'><strong>vectum</strong></span> 
     </span>
     <span class='ocr_line' id='line_1_15' title="bbox 358 1900 1345 1985; baseline -0.005 -20"><span class='ocrx_word' id='word_1_98' title='bbox 358 1906 478 1965; x_wconf 83' lang='lat' dir='ltr'><strong>Accisis</strong></span> <span class='ocrx_word' id='word_1_99' title='bbox 491 1915 580 1984; x_wconf 80' lang='lat' dir='ltr'><strong>coget</strong></span> <span class='ocrx_word' id='word_1_100' title='bbox 593 1906 720 1983; x_wconf 84' lang='lat' dir='ltr'><strong>dapibus</strong></span> <span class='ocrx_word' id='word_1_101' title='bbox 733 1922 910 1963; x_wconf 86' lang='lat' dir='ltr'><strong>consumere</strong></span> <span class='ocrx_word' id='word_1_102' title='bbox 924 1922 1054 1985; x_wconf 83' lang='lat' dir='ltr'><strong>mensas,</strong></span> <span class='ocrx_word' id='word_1_103' title='bbox 1290 1900 1345 1961; x_wconf 75' lang='lat'><strong>12⁵</strong></span> 
     </span>
     <span class='ocr_line' id='line_1_16' title="bbox 359 1988 1130 2077; baseline -0.005 -19"><span class='ocrx_word' id='word_1_104' title='bbox 359 1998 438 2058; x_wconf 90' lang='lat' dir='ltr'><strong>Tum</strong></span> <span class='ocrx_word' id='word_1_105' title='bbox 451 2016 574 2077; x_wconf 86' lang='lat' dir='ltr'><strong>sperare</strong></span> <span class='ocrx_word' id='word_1_106' title='bbox 587 1998 691 2057; x_wconf 85' lang='lat' dir='ltr'><strong>domos</strong></span> <span class='ocrx_word' id='word_1_107' title='bbox 704 1999 852 2069; x_wconf 80' lang='lat' dir='ltr'><strong>defessus,</strong></span> <span class='ocrx_word' id='word_1_108' title='bbox 869 1998 969 2075; x_wconf 89' lang='lat' dir='ltr'><strong>ibique</strong></span> <span class='ocrx_word' id='word_1_109' title='bbox 983 1988 1130 2055; x_wconf 79' lang='lat' dir='ltr'><strong>memento</strong></span> 
     </span>
     <span class='ocr_line' id='line_1_17' title="bbox 359 2091 1135 2170; baseline -0.006 -18"><span class='ocrx_word' id='word_1_110' title='bbox 359 2091 461 2152; x_wconf 89' lang='lat' dir='ltr'><strong>Prima</strong></span> <span class='ocrx_word' id='word_1_111' title='bbox 473 2093 575 2151; x_wconf 88' lang='lat' dir='ltr'><strong>locare</strong></span> <span class='ocrx_word' id='word_1_112' title='bbox 589 2110 678 2152; x_wconf 85' lang='lat' dir='ltr'><strong>manu</strong></span> <span class='ocrx_word' id='word_1_113' title='bbox 692 2093 849 2169; x_wconf 89' lang='lat' dir='ltr'><strong>molirique</strong></span> <span class='ocrx_word' id='word_1_114' title='bbox 863 2110 976 2170; x_wconf 85' lang='lat' dir='ltr'><strong>aggere</strong></span> <span class='ocrx_word' id='word_1_115' title='bbox 991 2098 1080 2150; x_wconf 88' lang='lat' dir='ltr'><strong>tecta.</strong></span> <span class='ocrx_word' id='word_1_116' title='bbox 1132 2108 1135 2113; x_wconf 91' lang='lat'>·</span> 
     </span>
     <span class='ocr_line' id='line_1_18' title="bbox 359 2183 1187 2263; baseline -0.002 -20"><span class='ocrx_word' id='word_1_117' title='bbox 359 2184 440 2243; x_wconf 80' lang='lat' dir='ltr'><strong>Haec</strong></span> <span class='ocrx_word' id='word_1_118' title='bbox 454 2194 520 2243; x_wconf 89' lang='lat' dir='ltr'><strong>erat</strong></span> <span class='ocrx_word' id='word_1_119' title='bbox 532 2186 585 2243; x_wconf 86' lang='lat' dir='ltr'><strong>illa</strong></span> <span class='ocrx_word' id='word_1_120' title='bbox 597 2185 713 2255; x_wconf 88' lang='lat' dir='ltr'><strong>sames;</strong></span> <span class='ocrx_word' id='word_1_121' title='bbox 737 2185 804 2245; x_wconf 84' lang='lat' dir='ltr'><strong>hmo</strong></span> <span class='ocrx_word' id='word_1_122' title='bbox 818 2204 872 2243; x_wconf 90' lang='lat' dir='ltr'><strong>uos</strong></span> <span class='ocrx_word' id='word_1_123' title='bbox 886 2202 1025 2263; x_wconf 84' lang='lat' dir='ltr'><strong>suprema</strong></span> <span class='ocrx_word' id='word_1_124' title='bbox 1038 2183 1187 2255; x_wconf 83' lang='lat' dir='ltr'><strong>manebat,</strong></span> 
     </span>
     <span class='ocr_line' id='line_1_19' title="bbox 359 2277 756 2357; baseline -0.003 -20"><span class='ocrx_word' id='word_1_125' title='bbox 359 2277 469 2337; x_wconf 82' lang='lat' dir='ltr'><strong>Exitiis</strong></span> <span class='ocrx_word' id='word_1_126' title='bbox 482 2278 616 2357; x_wconf 88' lang='lat' dir='ltr'><strong>positura</strong></span> <span class='ocrx_word' id='word_1_127' title='bbox 629 2278 756 2337; x_wconf 89' lang='lat' dir='ltr'><strong>modum.</strong></span> 
     </span>
     <span class='ocr_line' id='line_1_20' title="bbox 361 2370 1346 2450; baseline 0 -21"><span class='ocrx_word' id='word_1_128' title='bbox 361 2370 466 2439; x_wconf 78' lang='lat' dir='ltr'><strong>Quare</strong></span> <span class='ocrx_word' id='word_1_129' title='bbox 480 2370 570 2450; x_wconf 81' lang='lat' dir='ltr'><strong>agite,</strong></span> <span class='ocrx_word' id='word_1_130' title='bbox 586 2379 616 2430; x_wconf 89' lang='lat' dir='ltr'><strong>et</strong></span> <span class='ocrx_word' id='word_1_131' title='bbox 631 2372 725 2449; x_wconf 89' lang='lat' dir='ltr'><strong>primo</strong></span> <span class='ocrx_word' id='word_1_132' title='bbox 740 2371 800 2430; x_wconf 80' lang='lat' dir='ltr'><strong>lmti</strong></span> <span class='ocrx_word' id='word_1_133' title='bbox 814 2389 881 2431; x_wconf 90' lang='lat' dir='ltr'><strong>cum</strong></span> <span class='ocrx_word' id='word_1_134' title='bbox 896 2370 1006 2430; x_wconf 89' lang='lat' dir='ltr'><strong>lumine</strong></span> <span class='ocrx_word' id='word_1_135' title='bbox 1020 2370 1091 2429; x_wconf 91' lang='lat' dir='ltr'><strong>solis</strong></span> <span class='ocrx_word' id='word_1_136' title='bbox 1290 2370 1346 2429; x_wconf 79' lang='grc'><strong>100</strong></span> 
     </span>
     <span class='ocr_line' id='line_1_21' title="bbox 361 2458 1249 2543; baseline -0.005 -18"><span class='ocrx_word' id='word_1_137' title='bbox 361 2463 440 2533; x_wconf 78' lang='lat' dir='ltr'><strong>Quae</strong></span> <span class='ocrx_word' id='word_1_138' title='bbox 452 2465 531 2537; x_wconf 88' lang='lat' dir='ltr'><strong>loce,</strong></span> <span class='ocrx_word' id='word_1_139' title='bbox 547 2465 636 2542; x_wconf 83' lang='lat' dir='ltr'><strong>quive</strong></span> <span class='ocrx_word' id='word_1_140' title='bbox 650 2466 777 2525; x_wconf 84' lang='lat' dir='ltr'><strong>habeant</strong></span> <span class='ocrx_word' id='word_1_141' title='bbox 792 2466 936 2537; x_wconf 86' lang='lat' dir='ltr'><strong>homines,</strong></span> <span class='ocrx_word' id='word_1_142' title='bbox 953 2465 1003 2523; x_wconf 90' lang='lat' dir='ltr'><strong>ubi</strong></span> <span class='ocrx_word' id='word_1_143' title='bbox 1017 2463 1127 2524; x_wconf 81' lang='lat' dir='ltr'><strong>moenla</strong></span> <span class='ocrx_word' id='word_1_144' title='bbox 1140 2458 1249 2543; x_wconf 82' lang='lat' dir='ltr'><strong>gentis,</strong></span> 
     </span>
     <span class='ocr_line' id='line_1_22' title="bbox 359 2556 1032 2637; baseline 0.001 -21"><span class='ocrx_word' id='word_1_145' title='bbox 359 2556 564 2637; x_wconf 87' lang='lat' dir='ltr'><strong>Vestigemns,</strong></span> <span class='ocrx_word' id='word_1_146' title='bbox 579 2566 611 2617; x_wconf 90' lang='lat' dir='ltr'><strong>et</strong></span> <span class='ocrx_word' id='word_1_147' title='bbox 624 2576 642 2617; x_wconf 88' lang='lat' dir='ltr'><strong>a</strong></span> <span class='ocrx_word' id='word_1_148' title='bbox 655 2569 741 2637; x_wconf 85' lang='lat' dir='ltr'><strong>portu</strong></span> <span class='ocrx_word' id='word_1_149' title='bbox 755 2558 875 2619; x_wconf 80' lang='lat' dir='ltr'><strong>diversa</strong></span> <span class='ocrx_word' id='word_1_150' title='bbox 889 2567 1032 2635; x_wconf 87' lang='lat' dir='ltr'><strong>petamus.</strong></span> 
     </span>
     <span class='ocr_line' id='line_1_23' title="bbox 361 2653 1119 2733; baseline -0.004 -19"><span class='ocrx_word' id='word_1_151' title='bbox 361 2653 451 2714; x_wconf 90' lang='lat' dir='ltr'><strong>Nunc</strong></span> <span class='ocrx_word' id='word_1_152' title='bbox 464 2661 584 2732; x_wconf 85' lang='lat' dir='ltr'><strong>peteras</strong></span> <span class='ocrx_word' id='word_1_153' title='bbox 597 2655 689 2714; x_wconf 89' lang='lat' dir='ltr'><strong>libate</strong></span> <span class='ocrx_word' id='word_1_154' title='bbox 703 2654 783 2726; x_wconf 85' lang='lat' dir='ltr'><strong>Jori,</strong></span> <span class='ocrx_word' id='word_1_155' title='bbox 801 2655 999 2733; x_wconf 79' lang='lat' dir='ltr'><strong>precibusque</strong></span> <span class='ocrx_word' id='word_1_156' title='bbox 1013 2660 1119 2712; x_wconf 84' lang='lat' dir='ltr'><strong>vocate</strong></span> 
     </span>
     <span class='ocr_line' id='line_1_24' title="bbox 359 2747 1112 2826; baseline 0 -20"><span class='ocrx_word' id='word_1_157' title='bbox 359 2747 515 2806; x_wconf 87' lang='lat' dir='ltr'><strong>Anchisen</strong></span> <span class='ocrx_word' id='word_1_158' title='bbox 527 2747 704 2825; x_wconf 76' lang='lat' dir='ltr'><strong>genitorem,</strong></span> <span class='ocrx_word' id='word_1_159' title='bbox 719 2756 749 2805; x_wconf 91' lang='lat' dir='ltr'><strong>et</strong></span> <span class='ocrx_word' id='word_1_160' title='bbox 763 2748 832 2806; x_wconf 78' lang='lat' dir='ltr'><strong>vine</strong></span> <span class='ocrx_word' id='word_1_161' title='bbox 846 2748 978 2826; x_wconf 79' lang='lat' dir='ltr'><strong>reponite</strong></span> <span class='ocrx_word' id='word_1_162' title='bbox 993 2747 1112 2806; x_wconf 83' lang='lat' dir='ltr'><strong>mensis.</strong></span> 
     </span>
     <span class='ocr_line' id='line_1_25' title="bbox 361 2836 1346 2917; baseline -0.001 -19"><span class='ocrx_word' id='word_1_163' title='bbox 361 2840 412 2899; x_wconf 82' lang='lat' dir='ltr'><strong>Sic</strong></span> <span class='ocrx_word' id='word_1_164' title='bbox 425 2839 532 2898; x_wconf 88' lang='lat' dir='ltr'><strong>deinde</strong></span> <span class='ocrx_word' id='word_1_165' title='bbox 544 2840 665 2911; x_wconf 71' lang='lat' dir='ltr'><strong>effatus,</strong></span> <span class='ocrx_word' id='word_1_166' title='bbox 680 2840 828 2898; x_wconf 80' lang='lat' dir='ltr'><strong>frondenti</strong></span> <span class='ocrx_word' id='word_1_167' title='bbox 841 2850 975 2917; x_wconf 88' lang='lat' dir='ltr'><strong>tempora</strong></span> <span class='ocrx_word' id='word_1_168' title='bbox 989 2858 1072 2899; x_wconf 87' lang='lat' dir='ltr'><strong>ramo</strong></span> <span class='ocrx_word' id='word_1_169' title='bbox 1291 2836 1346 2897; x_wconf 77' lang='lat'><strong>1³5</strong></span> 
     </span>
     <span class='ocr_line' id='line_1_26' title="bbox 360 2932 1180 3013; baseline -0.004 -21"><span class='ocrx_word' id='word_1_170' title='bbox 360 2932 508 3010; x_wconf 89' lang='lat' dir='ltr'><strong>Implicat,</strong></span> <span class='ocrx_word' id='word_1_171' title='bbox 525 2942 555 2992; x_wconf 84' lang='lat' dir='ltr'><strong>et</strong></span> <span class='ocrx_word' id='word_1_172' title='bbox 568 2933 759 3010; x_wconf 84' lang='lat' dir='ltr'><strong>Geniumque</strong></span> <span class='ocrx_word' id='word_1_173' title='bbox 773 2935 842 3005; x_wconf 87' lang='lat' dir='ltr'><strong>loci,</strong></span> <span class='ocrx_word' id='word_1_174' title='bbox 860 2935 1042 3013; x_wconf 86' lang='lat' dir='ltr'><strong>primamque</strong></span> <span class='ocrx_word' id='word_1_175' title='bbox 1057 2932 1180 2990; x_wconf 88' lang='lat' dir='ltr'><strong>deorum</strong></span> 
     </span>
     <span class='ocr_line' id='line_1_27' title="bbox 360 3023 1196 3105; baseline -0.002 -20"><span class='ocrx_word' id='word_1_176' title='bbox 360 3023 524 3097; x_wconf 86' lang='lat' dir='ltr'><strong>Tellurem,</strong></span> <span class='ocrx_word' id='word_1_177' title='bbox 541 3026 767 3102; x_wconf 76' lang='lat' dir='ltr'><strong>Nymphaeque,</strong></span> <span class='ocrx_word' id='word_1_178' title='bbox 783 3036 812 3085; x_wconf 88' lang='lat' dir='ltr'><strong>et</strong></span> <span class='ocrx_word' id='word_1_179' title='bbox 828 3028 925 3085; x_wconf 83' lang='lat' dir='ltr'><strong>adhuc</strong></span> <span class='ocrx_word' id='word_1_180' title='bbox 941 3028 1042 3105; x_wconf 85' lang='lat' dir='ltr'><strong>ignota</strong></span> <span class='ocrx_word' id='word_1_181' title='bbox 1057 3033 1196 3103; x_wconf 87' lang='lat' dir='ltr'><strong>precatur</strong></span> 
     </span>
     <span class='ocr_line' id='line_1_28' title="bbox 360 3118 1192 3197; baseline -0.002 -19"><span class='ocrx_word' id='word_1_182' title='bbox 360 3118 521 3188; x_wconf 84' lang='lat' dir='ltr'><strong>Flumine‚;</strong></span> <span class='ocrx_word' id='word_1_183' title='bbox 544 3127 607 3176; x_wconf 92' lang='lat' dir='ltr'><strong>tum</strong></span> <span class='ocrx_word' id='word_1_184' title='bbox 620 3118 758 3190; x_wconf 84' lang='lat' dir='ltr'><strong>Noctem,</strong></span> <span class='ocrx_word' id='word_1_185' title='bbox 774 3118 940 3197; x_wconf 80' lang='lat' dir='ltr'><strong>Noctisque</strong></span> <span class='ocrx_word' id='word_1_186' title='bbox 956 3120 1081 3179; x_wconf 87' lang='lat' dir='ltr'><strong>orientia</strong></span> <span class='ocrx_word' id='word_1_187' title='bbox 1095 3119 1192 3196; x_wconf 88' lang='lat' dir='ltr'><strong>signa,</strong></span> 
     </span>
     <span class='ocr_line' id='line_1_29' title="bbox 361 3210 1224 3291; baseline 0 -20"><span class='ocrx_word' id='word_1_188' title='bbox 361 3210 535 3289; x_wconf 82' lang='lat' dir='ltr'><strong>ldmumque</strong></span> <span class='ocrx_word' id='word_1_189' title='bbox 547 3212 664 3282; x_wconf 78' lang='lat' dir='ltr'><strong>dorem,</strong></span> <span class='ocrx_word' id='word_1_190' title='bbox 680 3211 902 3291; x_wconf 76' lang='lat' dir='ltr'><strong>Phrygiamque</strong></span> <span class='ocrx_word' id='word_1_191' title='bbox 916 3232 954 3271; x_wconf 88' lang='lat' dir='ltr'><strong>ex</strong></span> <span class='ocrx_word' id='word_1_192' title='bbox 968 3214 1070 3271; x_wconf 90' lang='lat' dir='ltr'><strong>ordine</strong></span> <span class='ocrx_word' id='word_1_193' title='bbox 1084 3212 1224 3284; x_wconf 86' lang='lat' dir='ltr'><strong>Matrem,</strong></span> 
     </span>
     <span class='ocr_line' id='line_1_30' title="bbox 361 3305 1349 3384; baseline -0.001 -19"><span class='ocrx_word' id='word_1_194' title='bbox 361 3306 496 3377; x_wconf 75' lang='lat' dir='ltr'><strong>Invocat,</strong></span> <span class='ocrx_word' id='word_1_195' title='bbox 512 3314 542 3363; x_wconf 89' lang='lat' dir='ltr'><strong>et</strong></span> <span class='ocrx_word' id='word_1_196' title='bbox 555 3305 689 3383; x_wconf 76' lang='lat' dir='ltr'><strong>duplices</strong></span> <span class='ocrx_word' id='word_1_197' title='bbox 705 3305 854 3384; x_wconf 83' lang='lat' dir='ltr'><strong>Coeloque</strong></span> <span class='ocrx_word' id='word_1_198' title='bbox 868 3308 1031 3383; x_wconf 83' lang='lat' dir='ltr'><strong>Ereboque</strong></span> <span class='ocrx_word' id='word_1_199' title='bbox 1045 3314 1194 3384; x_wconf 90' lang='lat' dir='ltr'><strong>parentes.</strong></span> <span class='ocrx_word' id='word_1_200' title='bbox 1291 3306 1349 3364; x_wconf 80' lang='grc'><strong>110</strong></span> 
     </span>
     <span class='ocr_line' id='line_1_31' title="bbox 360 3398 1121 3476; baseline -0.001 -19"><span class='ocrx_word' id='word_1_201' title='bbox 360 3398 424 3457; x_wconf 90' lang='lat' dir='ltr'><strong>Hic</strong></span> <span class='ocrx_word' id='word_1_202' title='bbox 438 3398 530 3457; x_wconf 88' lang='lat' dir='ltr'><strong>Pater</strong></span> <span class='ocrx_word' id='word_1_203' title='bbox 543 3399 727 3476; x_wconf 85' lang='lat' dir='ltr'><strong>omnipotens</strong></span> <span class='ocrx_word' id='word_1_204' title='bbox 739 3406 788 3457; x_wconf 87' lang='lat' dir='ltr'><strong>ter</strong></span> <span class='ocrx_word' id='word_1_205' title='bbox 801 3400 880 3459; x_wconf 75' lang='lat' dir='ltr'><strong>coeto</strong></span> <span class='ocrx_word' id='word_1_206' title='bbox 894 3400 995 3458; x_wconf 88' lang='lat' dir='ltr'><strong>clarus</strong></span> <span class='ocrx_word' id='word_1_207' title='bbox 1008 3400 1046 3456; x_wconf 91' lang='lat' dir='ltr'><strong>ab</strong></span> <span class='ocrx_word' id='word_1_208' title='bbox 1062 3399 1121 3457; x_wconf 87' lang='lat' dir='ltr'><strong>alto</strong></span> 
     </span>
     <span class='ocr_line' id='line_1_32' title="bbox 362 3490 1060 3568; baseline -0.003 -17"><span class='ocrx_word' id='word_1_209' title='bbox 362 3490 503 3563; x_wconf 90' lang='lat' dir='ltr'><strong>Intonuit,</strong></span> <span class='ocrx_word' id='word_1_210' title='bbox 520 3491 670 3568; x_wconf 87' lang='lat' dir='ltr'><strong>radiisque</strong></span> <span class='ocrx_word' id='word_1_211' title='bbox 685 3492 838 3551; x_wconf 82' lang='lat' dir='ltr'><strong>ardentem</strong></span> <span class='ocrx_word' id='word_1_212' title='bbox 853 3492 929 3552; x_wconf 90' lang='lat' dir='ltr'><strong>lucis</strong></span> <span class='ocrx_word' id='word_1_213' title='bbox 942 3501 971 3550; x_wconf 90' lang='lat' dir='ltr'><strong>et</strong></span> <span class='ocrx_word' id='word_1_214' title='bbox 987 3511 1060 3550; x_wconf 90' lang='lat' dir='ltr'><strong>auro</strong></span> 
     </span>
     <span class='ocr_line' id='line_1_33' title="bbox 362 3585 1136 3663; baseline 0.003 -20"><span class='ocrx_word' id='word_1_215' title='bbox 362 3585 431 3663; x_wconf 92' lang='lat' dir='ltr'><strong>lpse</strong></span> <span class='ocrx_word' id='word_1_216' title='bbox 445 3605 534 3644; x_wconf 86' lang='lat' dir='ltr'><strong>manu</strong></span> <span class='ocrx_word' id='word_1_217' title='bbox 550 3587 687 3662; x_wconf 88' lang='lat' dir='ltr'><strong>quatiens</strong></span> <span class='ocrx_word' id='word_1_218' title='bbox 699 3588 827 3645; x_wconf 76' lang='lat' dir='ltr'><strong>ostendit</strong></span> <span class='ocrx_word' id='word_1_219' title='bbox 842 3589 878 3645; x_wconf 83' lang='lat' dir='ltr'><strong>ab</strong></span> <span class='ocrx_word' id='word_1_220' title='bbox 894 3588 1005 3646; x_wconf 78' lang='lat' dir='ltr'><strong>rathere</strong></span> <span class='ocrx_word' id='word_1_221' title='bbox 1018 3588 1136 3645; x_wconf 87' lang='lat' dir='ltr'><strong>nubem.</strong></span> 
     </span>
     <span class='ocr_line' id='line_1_34' title="bbox 361 3677 1126 3759; baseline 0 -22"><span class='ocrx_word' id='word_1_222' title='bbox 361 3677 482 3738; x_wconf 89' lang='lat' dir='ltr'><strong>Diditur</strong></span> <span class='ocrx_word' id='word_1_223' title='bbox 494 3678 545 3739; x_wconf 88' lang='lat' dir='ltr'><strong>hic</strong></span> <span class='ocrx_word' id='word_1_224' title='bbox 559 3679 656 3737; x_wconf 81' lang='lat' dir='ltr'><strong>subitd</strong></span> <span class='ocrx_word' id='word_1_225' title='bbox 670 3679 805 3755; x_wconf 79' lang='lat' dir='ltr'><strong>&#39;ll-ojana</strong></span> <span class='ocrx_word' id='word_1_226' title='bbox 818 3698 871 3757; x_wconf 92' lang='lat' dir='ltr'><strong>per</strong></span> <span class='ocrx_word' id='word_1_227' title='bbox 885 3681 1005 3759; x_wconf 84' lang='lat' dir='ltr'><strong>agmina</strong></span> <span class='ocrx_word' id='word_1_228' title='bbox 1017 3697 1126 3752; x_wconf 88' lang='lat' dir='ltr'><strong>rumor,</strong></span> 
     </span>
     <span class='ocr_line' id='line_1_35' title="bbox 361 3769 1348 3849; baseline 0.002 -20"><span class='ocrx_word' id='word_1_229' title='bbox 361 3770 528 3831; x_wconf 74' lang='lat' dir='ltr'><strong>Advenisse</strong></span> <span class='ocrx_word' id='word_1_230' title='bbox 542 3772 630 3844; x_wconf 85' lang='lat' dir='ltr'><strong>diem,</strong></span> <span class='ocrx_word' id='word_1_231' title='bbox 647 3791 706 3849; x_wconf 94' lang='lat' dir='ltr'><strong>quo</strong></span> <span class='ocrx_word' id='word_1_232' title='bbox 719 3772 820 3831; x_wconf 88' lang='lat' dir='ltr'><strong>debita</strong></span> <span class='ocrx_word' id='word_1_233' title='bbox 833 3774 944 3832; x_wconf 76' lang='lat' dir='ltr'><strong>muenia</strong></span> <span class='ocrx_word' id='word_1_234' title='bbox 962 3774 1099 3833; x_wconf 84' lang='lat' dir='ltr'><strong>condant.</strong></span> <span class='ocrx_word' id='word_1_235' title='bbox 1292 3769 1348 3831; x_wconf 74' lang='lat'><strong>145</strong></span> 
     </span>
     <span class='ocr_line' id='line_1_36' title="bbox 363 3863 1158 3945; baseline 0.001 -22"><span class='ocrx_word' id='word_1_236' title='bbox 363 3863 510 3923; x_wconf 73' lang='lat' dir='ltr'><strong>Certatim</strong></span> <span class='ocrx_word' id='word_1_237' title='bbox 524 3865 690 3925; x_wconf 85' lang='lat' dir='ltr'><strong>instaurant</strong></span> <span class='ocrx_word' id='word_1_238' title='bbox 703 3867 819 3945; x_wconf 82' lang='lat' dir='ltr'><strong>epulas,</strong></span> <span class='ocrx_word' id='word_1_239' title='bbox 836 3875 925 3943; x_wconf 85' lang='lat' dir='ltr'><strong>atque</strong></span> <span class='ocrx_word' id='word_1_240' title='bbox 938 3867 1035 3926; x_wconf 89' lang='lat' dir='ltr'><strong>omine</strong></span> <span class='ocrx_word' id='word_1_241' title='bbox 1049 3884 1158 3945; x_wconf 83' lang='lat' dir='ltr'><strong>magno</strong></span> 
     </span>
     <span class='ocr_line' id='line_1_37' title="bbox 363 3955 1033 4032; baseline 0 -14"><span class='ocrx_word' id='word_1_242' title='bbox 363 3955 507 4018; x_wconf 86' lang='lat' dir='ltr'><strong>Crateras</strong></span> <span class='ocrx_word' id='word_1_243' title='bbox 520 3959 581 4017; x_wconf 81' lang='lat' dir='ltr'><strong>laeti</strong></span> <span class='ocrx_word' id='word_1_244' title='bbox 592 3968 736 4032; x_wconf 84' lang='lat' dir='ltr'><strong>statuunt,</strong></span> <span class='ocrx_word' id='word_1_245' title='bbox 752 3970 782 4019; x_wconf 92' lang='lat' dir='ltr'><strong>et</strong></span> <span class='ocrx_word' id='word_1_246' title='bbox 798 3962 866 4020; x_wconf 88' lang='lat' dir='ltr'><strong>vina</strong></span> <span class='ocrx_word' id='word_1_247' title='bbox 880 3969 1033 4021; x_wconf 87' lang='lat' dir='ltr'><strong>coronant.</strong></span> 
     </span>
    </p>

    <p class='ocr_par' dir='ltr' id='par_1_3' title="bbox 362 4050 1349 4407">
     <span class='ocr_line' id='line_1_38' title="bbox 400 4050 1161 4132; baseline 0.005 -24"><span class='ocrx_word' id='word_1_248' title='bbox 400 4050 527 4109; x_wconf 87' lang='lat' dir='ltr'><strong>Postera</strong></span> <span class='ocrx_word' id='word_1_249' title='bbox 542 4072 631 4128; x_wconf 91' lang='lat' dir='ltr'><strong>quum</strong></span> <span class='ocrx_word' id='word_1_250' title='bbox 644 4052 741 4131; x_wconf 75' lang='lat' dir='ltr'><strong>primi</strong></span> <span class='ocrx_word' id='word_1_251' title='bbox 754 4055 899 4113; x_wconf 88' lang='lat' dir='ltr'><strong>lustrabat</strong></span> <span class='ocrx_word' id='word_1_252' title='bbox 913 4053 1048 4132; x_wconf 88' lang='lat' dir='ltr'><strong>lampade</strong></span> <span class='ocrx_word' id='word_1_253' title='bbox 1062 4062 1161 4112; x_wconf 74' lang='lat' dir='ltr'><strong>terras</strong></span> 
     </span>
     <span class='ocr_line' id='line_1_39' title="bbox 362 4143 1082 4226; baseline 0.003 -23"><span class='ocrx_word' id='word_1_254' title='bbox 362 4143 439 4203; x_wconf 91' lang='lat' dir='ltr'><strong>Orta</strong></span> <span class='ocrx_word' id='word_1_255' title='bbox 452 4144 526 4215; x_wconf 89' lang='lat' dir='ltr'><strong>dies,</strong></span> <span class='ocrx_word' id='word_1_256' title='bbox 542 4147 655 4217; x_wconf 83' lang='lat' dir='ltr'><strong>urbem,</strong></span> <span class='ocrx_word' id='word_1_257' title='bbox 671 4155 701 4204; x_wconf 91' lang='lat' dir='ltr'><strong>et</strong></span> <span class='ocrx_word' id='word_1_258' title='bbox 715 4148 801 4219; x_wconf 86' lang='lat' dir='ltr'><strong>lines,</strong></span> <span class='ocrx_word' id='word_1_259' title='bbox 814 4155 847 4205; x_wconf 86' lang='lat' dir='ltr'><strong>et</strong></span> <span class='ocrx_word' id='word_1_260' title='bbox 861 4148 960 4206; x_wconf 85' lang='lat' dir='ltr'><strong>littora</strong></span> <span class='ocrx_word' id='word_1_261' title='bbox 974 4148 1082 4226; x_wconf 87' lang='lat' dir='ltr'><strong>gentis,</strong></span> 
     </span>
     <span class='ocr_line' id='line_1_40' title="bbox 362 4234 1349 4319; baseline 0.003 -24"><span class='ocrx_word' id='word_1_262' title='bbox 362 4234 485 4295; x_wconf 78' lang='lat' dir='ltr'><strong>Dlversi</strong></span> <span class='ocrx_word' id='word_1_263' title='bbox 498 4237 652 4313; x_wconf 82' lang='lat' dir='ltr'><strong>explorant</strong></span> <span class='ocrx_word' id='word_1_264' title='bbox 666 4257 674 4297; x_wconf 74' lang='lat' dir='ltr'>z</span> <span class='ocrx_word' id='word_1_265' title='bbox 696 4240 762 4298; x_wconf 78' lang='lat' dir='ltr'><strong>hmo</strong></span> <span class='ocrx_word' id='word_1_266' title='bbox 774 4240 863 4299; x_wconf 87' lang='lat' dir='ltr'><strong>fontis</strong></span> <span class='ocrx_word' id='word_1_267' title='bbox 876 4250 984 4319; x_wconf 63' lang='lat' dir='ltr'><strong>magna</strong></span> <span class='ocrx_word' id='word_1_268' title='bbox 999 4242 1127 4313; x_wconf 88' lang='lat' dir='ltr'><strong>Numici,</strong></span> <span class='ocrx_word' id='word_1_269' title='bbox 1293 4236 1349 4300; x_wconf 76' lang='grc'><strong>100</strong></span> 
     </span>
     <span class='ocr_line' id='line_1_41' title="bbox 362 4327 1207 4407; baseline 0.007 -18"><span class='ocrx_word' id='word_1_270' title='bbox 362 4327 457 4389; x_wconf 89' lang='lat' dir='ltr'><strong>Hunc</strong></span> <span class='ocrx_word' id='word_1_271' title='bbox 468 4328 593 4407; x_wconf 86' lang='lat' dir='ltr'><strong>Tybrim</strong></span> <span class='ocrx_word' id='word_1_272' title='bbox 606 4331 738 4405; x_wconf 85' lang='lat' dir='ltr'><strong>fluvium,</strong></span> <span class='ocrx_word' id='word_1_273' title='bbox 754 4333 804 4393; x_wconf 81' lang='lat' dir='ltr'><strong>hic</strong></span> <span class='ocrx_word' id='word_1_274' title='bbox 819 4334 911 4393; x_wconf 83' lang='lat' dir='ltr'><strong>fortes</strong></span> <span class='ocrx_word' id='word_1_275' title='bbox 924 4336 1059 4395; x_wconf 86' lang='lat' dir='ltr'><strong>habitare</strong></span> <span class='ocrx_word' id='word_1_276' title='bbox 1073 4336 1207 4397; x_wconf 87' lang='lat' dir='ltr'><strong>Latinos.</strong></span> 
     </span>
    </p>
   </div>
   <div class='ocr_carea' id='block_1_3' title="bbox 0 0 1597 5234">
    <p class='ocr_par' dir='ltr' id='par_1_4' title="bbox 0 0 1597 5234">
     <span class='ocr_line' id='line_1_42' title="bbox 0 0 1597 5234; baseline 0 0"><span class='ocrx_word' id='word_1_277' title='bbox 0 0 1597 5234; x_wconf 95' lang='lat' dir='ltr'><strong> </strong></span> 
     </span>
    </p>
   </div>
  </div>
 </body>
</html>
