3167 5234
383 555 444 613 ωε
672 534 890 599 evicerim
916 548 1089 597 nsnours

382 691 539 769 Angustus
552 690 671 762 Cesar,
684 690 745 749 diri
758 708 855 769 genus
868 710 876 759 ς
900 706 995 749 aures
1007 686 1116 746 condet

384 784 504 842 Saeculo
517 784 568 861 qui
579 804 685 843 rursus
697 783 798 854 Latio,
810 793 939 861 regnatu
952 800 1006 858 per
1018 798 1093 839 erse

384 876 514 935 Saturno
527 877 676 955 quondam
690 895 700 945 ;
721 896 813 954 super
827 886 857 935 et
871 876 1073 935 Garamantas
1086 884 1116 931 et
1130 869 1222 933 Indos

383 968 520 1030 Proferet
534 971 710 1049 imperium:
727 970 811 1046 jacet
825 979 910 1027 extra
922 968 1023 1027 sidera
1033 966 1133 1038 tellus,
1309 968 1373 1026 ¹195

272 1096 277 1106 ι
383 1063 480 1122 Extra
493 1066 562 1123 anni
575 1064 707 1141 solisque
720 1064 796 1136 viss,
812 1064 864 1121 ubi
876 1062 994 1121 coelifcr
1005 1060 1093 1124 Atlas

383 1158 481 1216 Axem
495 1158 618 1217 humero
631 1166 752 1233 torquet
764 1158 859 1216 stellis
877 1156 1049 1215 ardentibus
1062 1161 1173 1231 sptem.

384 1249 487 1325 Hujus
498 1250 529 1308 in
542 1249 703 1309 advectum
710 1250 775 1326 jem
787 1268 869 1309 nuuc
887 1257 916 1307 et
931 1246 1046 1324 Cespie
1060 1263 1155 1324 regne

384 1342 552 1421 Responsio
565 1344 686 1402 horrent
695 1340 809 1413 divum,
826 1351 856 1401 et
869 1341 992 1400 Maeotis
1003 1340 1103 1410 tellus,

385 1436 427 1495 Et
440 1437 665 1515 septemgemini
678 1439 798 1496 turbent
812 1436 928 1514 trepida
940 1435 1019 1493 ostis
1030 1433 1103 1493 Nili.
1311 1435 1372 1494 tw

385 1531 454 1590 Nec
467 1530 539 1589 rerd
554 1531 678 1589 Alcides
690 1530 804 1589 tentum
817 1531 933 1589 telluris
946 1529 1047 1601 obivit,

386 1623 500 1683 Fixcrit
514 1624 674 1701 teripedem
687 1642 808 1683 cervam
821 1624 903 1695 licet,
918 1631 969 1681 aut
981 1619 1160 1699 Erymanthi

386 1714 509 1775 Pacirit
522 1735 654 1786 nemore,
669 1725 700 1775 et
713 1715 845 1775 Lernsm
857 1714 1058 1773 tremefecerit
1073 1732 1146 1771 arcu
1159 1731 1167 1771 ε

386 1807 416 1868 N
418 1828 465 1880 ec,
482 1809 532 1886 qui
545 1809 709 1887 pampineis
723 1810 818 1868 victor
836 1808 912 1887 juga
924 1808 1016 1867 flectit
1029 1806 1166 1879 habenis,
1250 1856 1253 1865 .

386 1900 489 1974 Liber,
506 1920 600 1981 agens
613 1901 696 1961 celso
708 1902 803 1979 Nysae
818 1902 855 1960 de
869 1902 981 1960 vertice
994 1901 1097 1979 tigres.
1313 1900 1373 1959 805

332 1990 338 2008 ⁸
386 1994 428 2053 Et
440 1994 610 2053 dubitamus
623 1994 722 2053 adhuc
736 1996 874 2068 pimutem
888 1994 1049 2053 extendere
1062 1994 1149 2053 factis
1163 1992 1174 2053 i

335 2071 340 2085 ⁸
386 2088 449 2147 Aut
461 2096 559 2147 metus
571 2087 708 2147 Ausonii
722 2088 858 2165 probibet
872 2088 1036 2147 consistere
1050 2085 1156 2147 terri?

389 2180 467 2249 Quis
480 2181 584 2258 procul
597 2181 648 2239 ille
662 2189 761 2240 sutem
775 2182 866 2241 remis
881 2181 1006 2258 insignis
1020 2180 1118 2253 olivae,

387 2278 483 2335 Socra
494 2277 594 2335 ferens
608 2276 619 2332 ?
639 2296 731 2335 nosco
744 2277 843 2335 crines
856 2277 1024 2353 incanaque
1038 2283 1139 2335 menta

386 2368 483 2447 Regis
496 2369 635 2440 Romani,
652 2370 765 2446 primus
777 2370 828 2447 qui
843 2370 960 2449 legibus
973 2370 1078 2427 urbem
1312 2372 1373 2430 olo

387 2457 548 2534 Fundebil,
564 2461 699 2522 Curibus
712 2463 813 2540 perois
827 2471 856 2525 ct
871 2480 1002 2541 paupere
1015 2460 1099 2521 terri

386 2554 499 2613 Missus
513 2556 543 2614 in
556 2542 711 2634 imperium
724 2575 875 2634 msgnum.
918 2554 979 2615 Cui
992 2554 1098 2615 deinde
1111 2554 1232 2628 subibit,

387 2647 458 2706 Otie
472 2648 523 2725 qui
535 2658 652 2727 rumpet
666 2650 781 2726 petrice,
797 2648 972 2726 residesque
986 2648 1115 2707 movebit
1167 2669 1170 2677 ¹

386 2739 495 2799 Tullus
507 2741 538 2799 in
552 2761 635 2800 erma
648 2743 739 2814 viros,
756 2751 785 2801 et
801 2743 865 2819 jam
879 2742 1004 2801 desueta
1024 2742 1179 2819 triumphis

387 2834 526 2913 Agmine.
569 2833 670 2902 Quem
684 2836 772 2911 juxth
791 2837 927 2913 sequitur
943 2836 1106 2912 jactantior
1118 2837 1233 2907 Ancus,
1314 2838 1374 2896 815

388 2928 417 2987 N
421 2948 480 2987 unc
494 2948 613 3006 quoque
628 2931 692 3006 jam
705 2930 827 2989 nimium
840 2930 975 3009 gaudens
990 2930 1181 3008 popularibus
1193 2928 1286 2990 auris.

387 3020 444 3079 Vis
458 3030 488 3079 et
502 3022 684 3099 Tarquinios
696 3042 797 3101 reges,
814 3018 1002 3101 animumque
1019 3024 1177 3100 superbam

387 3112 500 3172 Ultoris
513 3114 610 3187 Bruti,
626 3114 784 3192 fascesque
800 3116 901 3175 ridere
915 3125 1053 3194 receptos
1070 3116 1080 3173 f

389 3206 531 3267 Consulis
544 3208 699 3285 imperium
712 3209 761 3272 hic
775 3211 887 3286 primus
901 3228 1058 3287 saevaequc
1072 3228 1196 3269 secures

387 3301 524 3379 Accipiet
538 3321 546 3371 ;
569 3310 716 3379 nctesque
731 3311 825 3381 pater,
842 3322 920 3363 nova
933 3304 1014 3362 belle
1032 3314 1195 3377 moventes,
1315 3308 1377 3365 820

387 3394 436 3452 Ad
450 3413 569 3472 poenam
583 3394 709 3473 pulchri
722 3416 777 3473 pro
789 3397 928 3456 libertate
943 3398 1069 3457 vocabit.

388 3486 495 3545 infelix
510 3491 517 3546 t
539 3497 702 3565 utcumque
716 3490 813 3549 ferent
827 3510 865 3549 ea
878 3491 958 3549 facts
972 3490 1112 3562 minores,

389 3579 502 3640 Vincet
517 3601 599 3641 amor
613 3582 728 3659 patrie,
743 3584 924 3660 laudumque
939 3584 1082 3643 immensa
1097 3585 1214 3663 cupido.

388 3674 471 3742 Quin
484 3674 609 3747 Decios,
625 3675 803 3752 Drusosque
818 3677 932 3753 procul,
948 3696 1120 3754 servumque
1135 3676 1235 3739 securi

387 3768 519 3847 Adspice
532 3768 730 3846 Torquatum,
745 3782 775 3829 ct
789 3770 969 3829 referentem
983 3771 1070 3849 signs
1084 3771 1254 3832 Camillum.
1314 3774 1375 3833 826

388 3859 453 3920 llice
467 3870 577 3934 autem,
594 3863 716 3941 paribus
731 3882 806 3939 ques
819 3863 934 3942 fulgere
955 3866 1054 3923 cernis
1068 3866 1097 3923 in
1112 3866 1213 3939 ermis,

388 3953 564 4014 Concordes
578 3957 684 4015 animia
698 3976 788 4028 nunc,
806 3965 835 4015 et
849 3957 918 4015 dum
932 3968 1019 4017 nocte
1035 3968 1215 4036 prementur,

388 4046 460 4105 Heu
476 4050 483 4104 !
506 4057 649 4124 quantum
661 4050 739 4110 inter
752 4070 786 4109 ee
801 4050 920 4123 bellum,
937 4052 962 4109 si
976 4052 1088 4111 lumine
1100 4054 1170 4112 vitre
1272 4070 1280 4093 ¹

387 4138 559 4215 Attigerint‚
577 4151 704 4217 quantas
717 4144 800 4202 acies
814 4152 1006 4222 stragemque
1021 4146 1141 4207 ciebunt
1155 4150 1162 4205 !

387 4230 561 4309 Aggeribus
573 4252 662 4294 socer
676 4235 793 4314 Alpinis
807 4246 897 4314 atque
912 4258 983 4297 erce
998 4238 1136 4299 Monoeci
1313 4240 1375 4303 880

329 4393 332 4406 Ι
387 4321 585 4385 Descendens
598 4344 606 4396 ;
631 4348 726 4406 gener
740 4329 874 4389 adversis
887 4332 1050 4393 instructus
1065 4332 1150 4395 Eois.
