3167 5234
544 535 546 538 ’
576 534 753 585 AENEIDOS
772 536 842 585 uls.
856 538 909 585 111.

245 672 387 732 Postibus
401 671 537 732 adversis
549 673 621 751 figo,
636 682 667 733 et
679 694 743 733 rem
757 677 891 767 carmine
905 674 1011 755 signo:

248 766 368 829 AEsess
383 786 454 827 nnc
468 784 510 826 us
523 766 647 827 Darnis
660 788 847 829 vrcromens
862 788 960 829 sans.

247 861 399 939 Linquere
413 871 476 921 tum
490 870 594 940 portus
609 863 714 939 jubeo,
729 872 761 921 et
774 865 931 925 considere
944 863 1090 925 transtris.

248 954 394 1015 Certatim
408 955 483 1014 socii
497 955 606 1014 seriunt
619 974 713 1029 mare,
729 965 759 1015 et
774 976 896 1034 aequora
910 971 1040 1019 verrunt.
1176 958 1237 1017 290

246 1049 396 1107 Protenus
410 1049 509 1107 adrias
523 1048 686 1109 Phaeacum
700 1050 911 1109 abscondimus
926 1070 1023 1124 arces,
1156 1040 1165 1057 ’

246 1141 423 1219 Litteraque
436 1143 522 1220 Epiri
535 1143 673 1221 legimus,
690 1152 837 1221 portuque
852 1146 986 1203 subimus

248 1234 398 1308 Chaonio,
414 1243 444 1293 et
460 1238 573 1294 celsam
585 1237 723 1295 Buthroti
737 1239 909 1299 accedimus
923 1236 1046 1297 urbem'

285 1329 351 1388 Hic
366 1330 548 1388 incredibilis
561 1350 663 1389 rerum
675 1331 755 1389 sama
768 1341 897 1409 occupat
911 1352 1012 1405 aures,

247 1422 419 1483 Priamiden
432 1422 587 1483 Helenum
600 1425 712 1484 Graias
726 1444 854 1504 regnare
869 1446 923 1504 per
937 1429 1038 1499 urbes,

250 1516 400 1595 conjugio
412 1517 553 1577 AEacidae
565 1518 676 1595 Pyrrhi
689 1521 876 1597 sceptrisque
891 1522 1013 1598 potitum
1027 1540 1035 1593 ;

248 1610 290 1671 Et
304 1611 398 1688 patrio
412 1611 643 1671 Andromachen
657 1612 764 1671 iterum
777 1614 906 1673 cessisse
921 1616 1037 1675 marito.

249 1704 398 1784 Obstupui
412 1724 420 1775 3
442 1705 578 1783 miroque
592 1706 747 1765 incensum
760 1716 866 1785 pectus
880 1728 982 1766 amore

251 1797 441 1877 Compellare
454 1800 560 1870 mmm,
576 1808 606 1857 et
620 1820 711 1859 casus
724 1819 909 1878 cognoscere
924 1809 1031 1861 tantos.

249 1892 430 1972 Progredior
442 1902 540 1971 portu,
554 1894 669 1952 classes
683 1902 713 1951 et
726 1895 826 1952 littora
840 1882 992 1972 linquens.¹

288 1987 444 2047 Solemnes
457 1995 520 2045 tum
532 1986 608 2045 sortd
622 1987 714 2065 dapes
728 1995 758 2045 et
770 1989 868 2046 tristia
882 1989 970 2070 dona,

250 2080 328 2139 Ante
343 2081 448 2139 urbem
461 2080 492 2138 in
505 2080 585 2152 luco,
600 2080 669 2140 salsi
683 2080 840 2139 Simoentis
855 2083 892 2139 ad
907 2082 1026 2154 undam,

250 2172 380 2233 Libebat
393 2174 487 2233 cineri
501 2174 723 2247 Andromache,
738 2175 906 2251 Manesque
921 2178 1050 2236 vocabat

250 2266 438 2327 Hectoreum
451 2267 490 2327 ad
503 2270 658 2340 tumulum,
673 2268 760 2327 viridi
774 2289 862 2346 quem
878 2270 990 2347 cespite
1004 2269 1134 2341 inanem,

250 2360 450 2440 Etgeminas,
466 2380 590 2420 causam
604 2362 756 2439 lacrymis,
772 2372 946 2421 sacraverat
960 2382 1039 2424 aras.
1179 2362 1238 2421 306

251 2454 290 2514 Ut
303 2475 350 2515 me
364 2456 519 2535 conspexit
532 2456 711 2527 uenientem,
727 2464 758 2513 et
772 2454 865 2513 Troia
879 2456 992 2515 circium

251 2548 344 2609 Arma
359 2570 463 2609 amens
478 2549 560 2623 uidit,
575 2551 692 2629 magnis
705 2550 848 2607 exterrita
862 2550 1010 2622 monstris,

251 2642 383 2722 Diriguit
397 2645 462 2703 risu
477 2644 508 2702 in
521 2644 620 2702 medio
634 2663 643 2714 ;
666 2645 750 2701 calor
762 2662 833 2701 ossa
846 2643 966 2719 reliquit
981 2662 990 2715 ς

250 2735 385 2809 Labitur,
402 2746 432 2795 et
446 2739 536 2817 longo
549 2738 599 2796 vix
611 2737 732 2795 tandem
745 2745 878 2815 tempore
894 2738 993 2795 satur:

250 2829 372 2889 Verane
385 2840 417 2889 te
431 2831 535 2903 sacies,
550 2849 641 2889 verus
654 2831 726 2889 mihi
739 2831 859 2891 nuntius
873 2830 973 2904 affers,
1179 2832 1239 2889 sto

251 2924 329 2984 Nate
343 2924 403 2983 ded
417 2925 428 2982 ἓ
449 2925 562 2983 vivisne
576 2925 587 2981 l
608 2933 671 2994 aut,
687 2926 712 2983 si
726 2925 777 2983 lux
790 2928 869 2984 alma
881 2925 1019 2997 recessit,

251 3020 368 3077 Hector
381 3019 433 3077 ubi
446 3027 493 3078 est
505 3019 518 3108 ζ
557 3018 654 3089 Dixit,
670 3020 879 3097 lacrymasque
893 3019 1007 3092 effudit,
1024 3024 1054 3078 et
1067 3036 1185 3079 omnem

251 3112 388 3191 Implevit
401 3113 531 3171 clamore
544 3112 654 3171 locum.
695 3112 755 3170 Vix
769 3132 866 3191 pauca
880 3113 990 3173 furenti

249 3207 394 3285 subjicio,
411 3214 441 3264 et
454 3206 532 3264 raris
544 3207 683 3264 turbatus
696 3206 821 3265 vocibus
834 3208 918 3266 hisco
932 3226 939 3264 :

249 3299 327 3358 Vivo
342 3299 492 3376 equidem,
507 3300 659 3377 vitamque
673 3308 807 3358 extrema
822 3318 875 3378 per
888 3300 988 3358 omnia
1001 3298 1088 3359 duco.
1178 3299 1238 3357 315

249 3394 297 3453 Ne
312 3394 416 3453 dubita
429 3412 437 3463 ;
459 3412 529 3452 nam
542 3412 616 3453 vera
629 3393 723 3453 rides.

249 3487 324 3547 Heu
336 3490 343 3545 l
366 3487 433 3563 quis
445 3494 476 3545 te
490 3506 581 3545 casus
593 3487 741 3563 dejectam
754 3487 884 3566 conjuge
896 3493 980 3545 tanto

249 3581 371 3657 Excipit
385 3582 396 3636 i
417 3587 469 3638 aut
483 3599 550 3657 quoe
563 3579 656 3659 digna
669 3580 742 3639 satis
756 3581 875 3639 fortuna
888 3579 990 3638 revisit
1004 3578 1015 3637 l

249 3673 407 3745 Hectoris,
422 3673 643 3757 sindromacbs,
658 3674 801 3751 Pyrrbin'
814 3672 964 3732 connubia
976 3690 1081 3731 serras
1095 3670 1106 3727 i

249 3767 371 3845 Dejecit
385 3768 508 3839 vultum,
524 3776 554 3825 et
567 3766 698 3825 demissi
710 3786 785 3825 voce
800 3768 900 3825 locuta
913 3773 958 3824 est
974 3783 981 3823 ε
1179 3764 1239 3823 820

288 3862 317 3920 Ο
331 3862 403 3919 salix
416 3880 478 3919 una
490 3870 559 3919 aute
574 3861 649 3919 alias
662 3860 813 3919 Priameia
825 3861 921 3938 virgo,

249 3954 402 4013 Hostilem
417 3955 454 4013 ad
467 3956 623 4026 tumulum,
638 3954 738 4030 Trojae
752 3955 810 4012 sub
823 3954 971 4011 moenibus
985 3952 1063 4025 altis,

249 4046 343 4107 Jussa
356 4050 441 4120 mori,
459 4068 526 4125 quae
540 4049 661 4107 sortitus
675 4067 734 4105 non
750 4047 869 4124 pertulit
883 4047 971 4119 ullos,

248 4140 319 4200 Nec
332 4142 453 4200 victoris
467 4143 532 4201 beri
544 4143 642 4222 tetigit
657 4142 777 4219 captiva
790 4142 889 4199 cubile
902 4144 909 4198 !

187 4262 196 4269 ·
248 4235 326 4309 llos,
342 4236 441 4315 patriis
454 4237 589 4308 incensa,
605 4238 725 4295 diversa
739 4255 792 4313 per
806 4254 930 4312 aequors
943 4242 1047 4308 vectoe,
1179 4234 1240 4293 396

250 4330 359 4407 Stirpis
372 4329 520 4389 Achilleae
534 4331 638 4400 fastus,
657 4329 859 4406 juvenemque
874 4329 1046 4407 superbum,

530 4427 567 4482 12
577 4424 595 4459 ⁴
950 4440 972 4479 a
