3167 5234
483 553 486 562 “
564 548 739 601 AENEIDOS
758 550 829 601 nte.
842 552 873 603 X.

226 688 374 751 Omnibus
387 696 434 749 est
447 688 517 749 vitre
533 707 542 759 3
564 690 619 749 sed
633 691 742 751 famam
755 693 918 752 extendere
932 692 1031 767 saetis,

226 784 298 844 Hoc
311 784 430 844 virtutis
443 802 529 860 opus.
559 785 673 861 s'l'rojae
688 789 744 844 sub
758 789 908 845 moenibus
922 788 990 847 altis

225 876 285 937 Tot
298 878 361 936 neti
375 875 515 937 cocidere
528 875 616 937 detim
631 898 639 949 ;
664 880 736 956 quin
748 880 859 941 occidit
873 880 935 941 und

227 972 395 1049 Sarpedon,
412 991 480 1031 mea
494 973 664 1051 progenies.
706 975 807 1033 Etiam
821 994 878 1033 sua
891 976 1029 1035 Turnum

197 1051 203 1068 ¹
224 1064 305 1123 Fata
318 1074 437 1138 vocant,
452 1074 609 1142 metasque
623 1067 685 1125 dati
698 1069 835 1146 pervenit
850 1067 888 1127 ad
903 1069 968 1129 tevi.

225 1159 277 1218 stc
290 1159 342 1230 ait,
362 1168 452 1235 atquo
466 1160 571 1218 oeulos
584 1160 767 1220 Rutulorum
780 1163 877 1239 rejicit
893 1164 984 1223 arvis.

263 1253 305 1312 At
319 1254 423 1311 Pallas
437 1254 555 1332 maguis
569 1256 673 1313 emittit
689 1257 802 1315 viribus
816 1259 943 1330 hastam,

225 1346 409 1426 Vagindque
424 1347 503 1407 eavit
516 1348 680 1427 fulgentem
693 1352 801 1429 deripit
816 1370 927 1411 ensem.

226 1440 284 1500 Illa
295 1441 410 1513 volans,
425 1441 558 1501 humeris
571 1454 698 1523 surgunt
712 1445 773 1522 quii
786 1446 920 1525 tegmine
934 1464 1059 1519 summe,

226 1534 344 1607 Incidit,
360 1542 462 1611 atque,
478 1536 556 1596 viam
570 1538 669 1615 clypei
682 1540 784 1597 molita
798 1558 946 1617 peroras,

225 1628 362 1687 Tandem
376 1629 467 1687 etiam
481 1649 589 1709 magno
604 1632 722 1691 strinxit
735 1634 773 1691 de
787 1652 915 1711 corpore
929 1634 1034 1695 Turni.

225 1720 289 1781 Hie
301 1722 424 1782 Turnus
440 1724 521 1783 terro
535 1726 688 1803 praefixum
702 1729 795 1785 robur
814 1741 902 1785 acuto

226 1814 263 1875 In
275 1815 415 1875 Pallanta
428 1818 478 1875 diu
493 1819 606 1877 librans
615 1819 701 1895 jacit,
719 1828 810 1896 atque
824 1821 866 1878 ita
879 1820 959 1879 fatur
973 1839 981 1881 t

225 1898 367 1988 Adspice,
382 1930 453 1969 num
466 1912 555 1992 magd
569 1914 608 1971 sit
621 1923 756 1972 nostrum
769 1914 955 1992 penetrabile
968 1915 1070 1977 tetum.

224 2002 353 2063 Dixerat
368 2022 375 2061 ε
397 2014 429 2063 at
443 2006 592 2083 elypeum,
607 2016 651 2065 tot
664 2008 737 2066 ferri
750 2016 849 2087 terga,
864 2016 908 2067 tot
922 2008 1002 2081 reris,

225 2099 328 2168 Quum
341 2101 427 2179 pellis
439 2102 550 2159 totiens
563 2104 653 2161 obeat
667 2104 855 2162 circumdata
869 2105 958 2176 tauri,

225 2193 365 2253 Vibranti
378 2195 509 2254 medium
521 2197 624 2274 cuspis
637 2199 863 2256 transverberat
877 2198 949 2270 ictu,

224 2284 404 2365 Lorieaeque
416 2308 516 2347 mores
530 2298 560 2349 et
574 2298 679 2368 pectus
695 2290 827 2369 perforat
841 2292 957 2369 iugens.

227 2380 283 2440 Ille
296 2382 376 2459 rapit
388 2382 519 2442 calidum
532 2384 644 2442 frustra
656 2384 694 2441 de
708 2385 833 2443 vulnere
846 2386 938 2443 telum
953 2403 961 2455 3

225 2474 295 2536 Una
309 2475 476 2555 eidemque
490 2478 541 2537 vid
553 2480 679 2557 sanguis
692 2480 869 2555 animusque
884 2486 1061 2556 sequuntur.

226 2568 350 2629 Corruit
365 2571 395 2629 in
408 2573 537 2643 vulnue3
562 2573 689 2632 sonitum
705 2573 796 2650 super
809 2592 893 2631 arme
907 2570 1018 2633 deddre
1034 2592 1043 2645 3

224 2662 266 2723 m
278 2650 391 2723 terram
405 2666 542 2725 hostilem
555 2668 691 2725 moriens
704 2668 777 2745 petit
790 2686 843 2725 ore
859 2676 993 2727 cruento.

226 2754 328 2825 Quem
339 2759 461 2818 Turnus
476 2780 567 2839 super
580 2762 747 2819 assistens:
1159 2764 1220 2821 490

263 2852 413 2923 Arcades,
429 2853 505 2925 lutee,
521 2855 627 2931 iuquit,
644 2875 792 2915 memores
805 2874 874 2914 mea
888 2854 968 2915 dieta
987 2855 1100 2916 referte

226 2945 388 3007 Evandro:
411 2946 543 3015 Qualem
555 2950 673 3021 meruit,
690 2950 828 3009 Pallanta
842 2950 970 3010 remitto.

227 3040 372 3117 Quisquis
384 3041 480 3100 honos
492 3043 608 3114 tumuli,
626 3044 768 3121 quidquid
782 3045 916 3102 solamen
931 3042 1074 3103 humandi
1086 3050 1145 3117 ast,

225 3132 365 3213 Largior.
407 3134 501 3193 Haud
515 3134 558 3193 illi
572 3138 693 3195 stabunt
706 3138 823 3197 AEneis
837 3157 930 3215 parvo

226 3226 379 3306 Hospitia.
419 3228 462 3287 Et
476 3229 552 3287 laevo
568 3232 676 3307 pressit
691 3232 777 3308 pede,
791 3233 866 3290 talia
879 3232 969 3303 fatus,
1159 3232 1220 3291 tet

226 3320 414 3394 Exanimem,
430 3324 552 3399 rapiens
565 3324 706 3383 immania
720 3325 852 3402 pondera
866 3326 969 3397 baltei,

227 3414 470 3494 lmpreasumque
484 3418 590 3475 nefas:
612 3416 676 3477 und
687 3422 743 3477 sub
757 3427 846 3479 nocte
857 3420 954 3497 jugali

227 3509 320 3571 Coesa
333 3529 440 3569 manus
448 3511 593 3587 juvenum
607 3512 698 3584 fede,
714 3514 897 3590 thalamique
912 3513 1050 3585 eruentit

228 3603 307 3671 Qua
321 3604 438 3664 Clonus
450 3605 616 3682 Eurytides
629 3608 722 3665 multo
735 3608 897 3665 caelaverat
912 3626 986 3665 auro
999 3624 1007 3664 t

227 3696 299 3766 Quo
312 3718 392 3757 nune
405 3698 529 3757 Turnus
542 3709 611 3759 ovat
624 3702 719 3777 spolio
733 3701 906 3779 gaudetque
920 3700 1038 3778 potitus.
1160 3700 1220 3759 δα)

227 3791 342 3852 Nescia
355 3810 441 3851 mens
453 3792 604 3852 hominurn
618 3794 672 3852 t‘ati
685 3796 836 3871 sortisque
851 3795 970 3865 suturae,

229 3886 267 3945 Et
280 3905 404 3945 servare
419 3886 547 3959 mudum,
564 3890 655 3947 rebus
669 3889 788 3947 sublate
802 3888 942 3947 secundis
956 3890 963 3945 l

228 3980 332 4040 Turno
345 3990 462 4059 tempus
476 3982 543 4053 erit,
558 4001 668 4061 magno
683 4001 773 4059 quum
787 3982 934 4060 optaverit
949 3989 1080 4060 emptum

157 4146 167 4159 Α
227 4072 377 4132 intactum
390 4074 539 4146 Pallanta,
556 4085 586 4133 et
601 4095 691 4153 quum
706 4077 801 4154 spolia
815 4078 872 4134 ista
886 4076 1024 4151 diemque

227 4164 342 4225 Oderit.
383 4168 424 4226 At
438 4169 513 4227 soeii
526 4170 620 4228 multo
634 4171 744 4247 gemitu
762 4170 964 4247 lacrymisque
1161 4172 1219 4231 506

227 4258 402 4338 Impositum
415 4272 502 4321 scuto
515 4263 650 4322 reserant
663 4264 803 4323 Pallanta
816 4264 1000 4341 frequentes.

227 4354 256 4414 0
269 4354 355 4414 dolor
367 4363 459 4433 atque
472 4356 566 4417 danus
579 4376 722 4437 magnum
733 4359 866 4417 rediture
885 4358 1022 4437 pereutit
