3167 5234
586 566 763 615 18118111θὸ
782 568 853 615 ΗΒ.
867 568 903 615 11.
1189 574 1243 634 118

256 704 346 777 Quid
362 712 406 777 te,
421 724 478 784 per
489 706 623 783 Superos
635 713 667 765 et
679 707 804 766 conscie
816 708 938 767 umuins
950 706 1025 780 reri,

254 801 325 873 Per,
341 800 368 860 si
381 820 442 877 qus
455 808 514 871 est,
530 818 598 877 quse
610 808 705 859 restet
717 800 816 859 adnue
831 801 1005 860 mortalibus
1018 820 1145 879 usquam

254 894 438 953 Intemerete
456 894 542 965 fides,
558 912 622 965 oro,
638 893 780 953 miserere
797 894 932 953 laborum

252 988 422 1047 Tantorum
436 1007 444 1057 ;
468 986 613 1046 miserere
626 987 715 1047 enimi
733 1007 793 1047 nou
807 988 899 1067 digus
913 990 1045 1049 ferentis.

291 1084 354 1145 His
367 1084 509 1161 lucrymis
522 1084 612 1143 ritem
626 1084 742 1156 demus,
758 1094 789 1143 et
803 1086 1023 1147 miserescimus
1041 1088 1129 1147 ultro.
1188 1088 1243 1146 145

254 1177 324 1256 lpse
338 1179 404 1236 viro
417 1179 529 1256 primus
542 1178 678 1237 manices
689 1187 780 1254 etque
795 1189 880 1237 arcte
894 1180 987 1238 levesi

252 1270 366 1331 Vincis
382 1272 469 1349 jubet
481 1271 620 1330 Priamus
635 1291 644 1341 3
667 1272 814 1349 dictisque
829 1274 870 1331 ite
885 1274 963 1333 fetur
976 1275 1080 1333 amicis
1096 1294 1103 1334 ε

254 1365 401 1442 Quisquis
415 1386 459 1436 es,
476 1366 604 1424 amusos
617 1366 686 1424 lime
702 1366 767 1442 jem
779 1367 956 1425 obliviscere
970 1368 1101 1439 Grniou

253 1459 368 1519 Noster
380 1458 461 1530 eris;
481 1459 611 1536 mihique
626 1460 691 1518 brec
705 1460 838 1517 edissere
852 1480 925 1519 vere
938 1463 1066 1541 regenti.

254 1552 326 1621 Quo
340 1554 447 1612 molem
460 1554 540 1613 huuc
552 1553 689 1611 immonis
702 1554 773 1630 equi
786 1553 920 1614 statuere
933 1555 944 1611 ?
960 1559 1026 1633 quis
1040 1564 1146 1615 euctor
1159 1556 1170 1612 1
1189 1556 1243 1615 150

254 1647 374 1715 Quidve
386 1655 490 1725 petum
506 1647 518 1703 i
539 1666 608 1723 qum
621 1647 729 1725 religio
745 1648 756 1705 ‚²
777 1657 829 1706 eut
844 1668 910 1725 quae
925 1650 1063 1709 machine
1076 1650 1172 1708 belli?

252 1740 391 1801 Dixerat.
434 1742 500 1813 lile,
516 1741 592 1799 dolis
605 1732 769 1799 iustrirolus
782 1750 813 1799 et
827 1752 891 1800 erte
905 1741 1047 1822 Pelasgi,

253 1835 379 1897 Sustulit
393 1844 499 1894 exutus
513 1835 621 1894 vinclis
633 1835 673 1893 ed
689 1835 790 1893 sidere
805 1836 916 1913 palmes
930 1856 937 1893 :

251 1930 328 2004 Vos,
344 1933 449 1991 aeterni
468 1932 566 2010 ignes,
581 1938 612 1989 et
624 1948 684 1989 uon
697 1931 835 1990 violabile
850 1940 982 1991 vestrum

251 2024 365 2085 Testor
377 2044 496 2097 numen,
512 2025 579 2094 eit;
601 2044 666 2096 vos,
682 2043 753 2097 urse,
770 2044 918 2101 ensesque
933 2025 1062 2099 nefandi,
1188 2026 1243 2085 155

254 2118 340 2187 Quos
355 2120 418 2197 lugi
433 2137 442 2189 3
466 2120 609 2195 vittoeque
622 2115 721 2189 desim,
738 2138 814 2195 ques
828 2118 924 2176 hostie
937 2120 1019 2196 gessi
1034 2138 1042 2190 ς

252 2212 315 2271 Fas
328 2213 402 2271 mihi
413 2212 575 2273 Graiorum
589 2220 710 2271 secrete
726 2214 878 2271 resolvere
895 2211 976 2287 jure,

252 2306 280 2365 F
281 2326 315 2365 ss
328 2306 427 2365 odisse
441 2307 531 2377 virus,
548 2314 639 2383 etque
652 2306 753 2364 omnis
766 2306 845 2363 ferre
859 2307 914 2363 sub
929 2324 1029 2377 eures,

255 2400 286 2458 Si
301 2419 361 2477 qne
375 2408 481 2479 tegunt
496 2419 504 2457 t
525 2411 631 2458 teneor
644 2401 748 2477 petrice
763 2419 819 2457 nec
834 2400 952 2477 legibus
965 2400 1042 2459 ullis.

230 2493 302 2559 ,Tu
315 2494 403 2553 modd
417 2495 568 2573 promissis
580 2513 712 2566 menses,
729 2502 908 2569 serreteque
923 2512 1037 2566 serves,
1188 2493 1243 2553 160
1340 2510 1342 2521 ·

254 2588 357 2665 Ήοῂ,
373 2588 471 2660 fidem,
487 2589 515 2647 si
528 2608 600 2647 vere
614 2589 718 2659 lerum,
734 2587 760 2645 si
774 2606 884 2665 mugire
897 2588 1068 2665 rependum.

292 2682 398 2741 Omnis
411 2702 481 2760 spes
493 2680 645 2752 Densius,
661 2689 691 2739 et
705 2682 797 2758 coepti
811 2681 920 2739 liducie
934 2667 1005 2740 belli

253 2775 386 2836 Palladis
400 2775 518 2834 auxiliis
532 2793 651 2852 semper
663 2775 753 2834 stetit.
798 2773 910 2851 Impius
924 2792 962 2832 ex
977 2793 1035 2850 quo

254 2869 387 2947 Tydides
400 2867 454 2927 sed
467 2869 556 2939 enim,
573 2869 782 2944 scelerumque
797 2869 932 2927 inventor
944 2867 1081 2945 Ulysses,

253 2962 360 3021 Fetele
375 2962 511 3041 aggressi
529 2971 650 3020 sacruto
663 2964 794 3020 evellere
807 2963 917 3039 templo

254 3056 431 3128 Pelledium,
448 3056 535 3113 cessis
549 3074 671 3113 summm
685 3056 861 3114 custodibus
874 3056 963 3128 ercis,

256 3148 438 3228 Corripuere
452 3168 570 3207 sacrem
584 3149 724 3225 effigiem,
741 3150 937 3226 manibusque
952 3148 1085 3208 cruentis

253 3241 417 3323 Virgineus
430 3244 497 3302 susi
509 3242 586 3301 dives
600 3244 775 3321 contingere
789 3244 879 3302 vittes
894 3262 902 3313 ;

253 3336 301 3395 Ex
320 3338 371 3395 illo
385 3336 480 3395 liuere
492 3346 624 3395 ceretro
638 3337 781 3415 sublepsn
793 3337 900 3395 referri

254 3432 330 3508 Spes
343 3428 496 3502 Densum,
510 3430 615 3488 l'rsctoe
628 3430 719 3501 vires,
736 3450 844 3489 ererse
858 3430 923 3489 deae
937 3450 1029 3490 mens.

254 3524 322 3582 Nec
336 3523 433 3582 dubiis
446 3542 484 3581 es
498 3524 586 3601 signs
598 3521 677 3581 dedit
691 3524 829 3582 Tritonis
841 3525 988 3585 monstris.

253 3615 315 3674 Vix
328 3616 455 3693 positum
468 3616 576 3674 cestris
590 3617 792 3688 simulacrum,
810 3616 914 3677 arsere
928 3636 1064 3676 coruscoe

253 3706 432 3767 Luminibus
447 3710 574 3768 flemmre
588 3710 725 3782 arrectis,
741 3710 901 3789 salsusque
914 3718 1064 3788 perustus

255 3802 353 3860 Sudor
366 3803 398 3861 iit
415 3823 423 3873 ;
445 3811 552 3880 terque
566 3803 632 3880 ipse
645 3804 709 3861 solo
724 3804 874 3880 (mirabile
888 3803 970 3862 dictu
982 3803 1005 3881 l)

253 3894 396 3968 Emicuit,
412 3916 605 3974 permemque
619 3898 718 3955 lenens
732 3898 910 3973 hostemque
923 3904 1106 3957 trementem.
1189 3896 1242 3955 175

254 3988 413 4068 Extemplo
426 3993 569 4050 tentanda
582 3990 656 4071 fug&
668 3992 747 4050 canit
762 4010 885 4068 aequore
900 3990 1042 4063 Calchas,

254 4082 323 4142 Nec
337 4104 424 4162 posse
436 4087 590 4165 Argolicis
603 4086 736 4144 exscindi
750 4083 901 4163 Pergama
913 4084 991 4157 telis,

254 4176 363 4236 Omine
376 4179 407 4237 ui
421 4188 558 4258 repetent
572 4180 673 4258 Argis,
689 4198 859 4255 numenque
874 4179 1018 4238 reducent

255 4270 344 4338 Quod
363 4273 473 4351 pelego
486 4282 518 4331 et
530 4272 632 4332 curvis
645 4292 747 4331 secum
760 4271 889 4333 evexdre
904 4272 1023 4333 cerinis.
1031 4318 1055 4345 s

253 4360 295 4422 Bt
307 4383 400 4437 nunc,
418 4366 498 4443 qudd
511 4368 625 4446 patries
637 4376 731 4426 rento
740 4364 854 4446 petiere
868 4366 1024 4446 Mycenes,

537 4464 596 4521 10l
948 4481 967 4522 o
