3167 5234
389 577 449 636 340
680 567 708 614 P.
728 567 898 614 viamen
920 566 1096 616 Maeonis

390 711 419 772 N
421 731 458 771 ec
472 709 600 789 spatium
614 707 710 767 evasit
723 715 829 779 totum,
847 727 906 768 noc
919 707 1042 786 pertulit
1054 685 1155 766 ictum

390 808 437 865 Ac
453 805 532 864 velut
547 803 578 862 in
591 801 714 873 somnis,
730 801 837 860 oculos
849 801 902 860 ubi
915 801 1060 880 languida
1073 799 1182 879 pressit

389 899 418 959 N
422 907 489 958 octe
505 897 602 975 quies,
617 895 822 973 nequidquam
835 895 940 954 avidos
951 895 1117 954 extendere
1128 911 1237 954 cuntis

391 993 478 1052 Velle
492 992 637 1063 videmur,
652 997 683 1048 et
697 989 727 1050 in
742 989 846 1048 mediis
859 989 1018 1048 conatibus
1029 989 1106 1068 regri

391 1087 579 1146 succidimus
595 1105 603 1155 3
627 1103 687 1144 uon
703 1083 808 1164 lingua
821 1083 913 1156 valet,
928 1103 988 1142 aon
1002 1101 1131 1163 corpere
1148 1088 1228 1142 notar

391 1183 548 1242 Sufficiunt
562 1182 641 1240 vires
657 1199 666 1251 ;
689 1199 747 1240 nec
760 1198 819 1239 vox
833 1187 885 1238 aut
897 1181 993 1238 verba
1006 1186 1175 1256 sequuntur
1190 1197 1199 1236 t
1236 1227 1241 1232 .

391 1277 441 1336 Sic
454 1276 571 1348 Turno,
588 1273 779 1352 qudcumque
795 1274 875 1333 viam
888 1273 997 1332 virtute
1012 1273 1126 1352 petivit,

391 1371 573 1430 Successum
584 1369 642 1428 dea
656 1367 723 1430 dira
733 1376 836 1448 negat.
877 1367 958 1426 Tum
971 1376 1094 1446 pectore
1107 1385 1217 1427 masas

390 1463 558 1523 vertuntur
570 1462 656 1522 varii.
699 1461 831 1521 Rutulos
846 1461 1015 1541 adspectat,
1031 1469 1061 1520 et
1074 1457 1203 1534 urbem,

391 1555 620 1634 cunctaturque
635 1565 726 1629 metu,
742 1557 895 1633 telumque
909 1556 1023 1614 instare
1036 1555 1182 1614 tremiscit
1195 1575 1204 1626 3

390 1653 418 1712 N
421 1671 457 1712 eo
473 1651 532 1731 qud
546 1670 581 1710 se
594 1651 712 1729 eripiat,
728 1669 786 1710 nec
801 1649 863 1729 qud
876 1650 906 1710 vi
919 1649 1023 1708 tendat
1041 1649 1071 1708 in
1085 1649 1213 1722 hostem,

389 1746 457 1806 Nec
471 1762 578 1805 currus
593 1763 720 1821 usquam
733 1744 824 1816 videt,
839 1745 1014 1823 aurigamve
1028 1761 1172 1804 sororem.

429 1838 594 1900 Cunctanti
607 1839 701 1897 telum
713 1837 834 1896 AEncas
848 1838 941 1897 fatale
955 1845 1108 1910 coruscat,

391 1934 520 1992 Sortitus
534 1932 684 1991 fortunam
698 1931 806 2002 oculis,
822 1939 853 1990 et
868 1950 995 2010 corpore
1007 1940 1071 1991 tote

390 2027 516 2087 Eminus
530 2027 689 2103 intorquet.
732 2025 846 2084 Murali
860 2025 980 2085 concita
992 2043 1147 2103 nunquam

389 2120 554 2181 Tormenta
568 2120 613 2180 sic
627 2138 701 2180 saxa
716 2118 856 2194 fremunt,
872 2139 930 2180 nec
944 2119 1068 2180 fulmine
1080 2120 1155 2181 tanti

388 2216 559 2277 Dissultant
574 2215 716 2295 crepitus.
758 2216 850 2276 Volat
864 2217 923 2276 atri
935 2217 1063 2276 turbinis
1077 2217 1173 2276 instar

388 2313 522 2373 Exitium
535 2311 632 2372 dirum
646 2313 733 2372 hasta
747 2311 849 2372 ferens
863 2331 871 2383 ;
894 2331 1026 2389 orasque
1039 2312 1168 2372 recludit

388 2406 520 2480 Loricae,
536 2416 567 2467 et
582 2406 680 2485 clypei
694 2409 845 2466 extremos
858 2407 1059 2484 septemplicis
1072 2409 1184 2478 orbes;

388 2502 451 2562 Per
464 2501 593 2560 medium
606 2501 737 2561 stridens
749 2500 858 2560 transit
872 2499 978 2560 femur.
1020 2499 1129 2561 Incidit
1142 2502 1221 2561 ictus

389 2595 502 2674 lugens
516 2594 554 2654 ad
569 2602 682 2654 terram
694 2593 847 2672 duplicato
861 2594 971 2672 poplite
984 2594 1117 2655 Turnus.

390 2689 586 2768 Consurgunt
600 2689 712 2767 gemitu
727 2687 844 2760 Rutuli,
859 2695 1001 2766 totusque
1015 2689 1145 2768 remugit

390 2781 483 2844 Mons
497 2783 622 2855 circum,
638 2790 667 2841 et
682 2801 787 2842 vocem
801 2781 862 2840 late
876 2801 1001 2841 nemora
1014 2783 1076 2842 alta
1089 2783 1253 2844 remittunt.

389 2877 455 2949 Ille,
472 2877 591 2937 humilis
604 2877 801 2954 supplexque,
814 2876 920 2935 oculos
929 2875 1124 2953 dextramque
1139 2886 1316 2956 precantem
1329 2880 1387 2940 980

388 2968 597 3030 Proteudens:
627 2969 777 3048 Equidem
791 2968 898 3042 merui,
915 2989 973 3028 neo
986 2970 1143 3048 deprecor,
1158 2971 1276 3051 inquit:

391 3063 481 3122 Utere
495 3071 577 3122 sorte
590 3062 653 3124 tud.
697 3063 808 3124 Miseri
822 3072 852 3123 te
866 3064 892 3122 si
908 3084 967 3141 qua
981 3065 1114 3142 parentis

388 3155 531 3236 Tangere
545 3177 619 3218 eura
632 3165 740 3235 potest,
755 3179 809 3218 oro
824 3158 893 3238 (fuit
906 3169 937 3218 et
950 3160 1004 3218 tibi
1017 3160 1088 3219 talis

388 3252 537 3312 Anchises
551 3251 696 3331 genitor,)
710 3251 815 3311 Dauni
828 3253 973 3312 miserere
986 3262 1118 3314 senectae
1134 3275 1143 3326 3

389 3345 429 3406 Et
443 3365 501 3419 me,
518 3365 572 3404 seu
587 3365 696 3424 corpus
711 3347 870 3424 spoliatum
883 3348 994 3407 lumine
1008 3348 1114 3420 mavis,
1326 3353 1387 3412 986

389 3439 497 3498 Rcdde
511 3440 595 3500 meis.
639 3439 758 3511 Vidisti,
775 3450 805 3500 et
820 3440 931 3500 victum
944 3440 1069 3500 tendere
1083 3443 1200 3521 palmas

387 3533 514 3592 Ausonii
529 3531 631 3594 viddre
645 3553 652 3591 :
674 3542 727 3593 tua
741 3542 787 3592 est
801 3533 931 3594 Lavinia
944 3535 1064 3612 conjux.
1150 3582 1155 3590 .

371 3627 520 3688 -Ulterilis
534 3647 572 3687 ne
586 3629 676 3688 tende
691 3629 776 3688 odiis.
820 3630 907 3688 Stetit
921 3648 993 3689 acer
1007 3630 1038 3689 in
1056 3631 1147 3691 armis

387 3723 519 3794 AEneas,
536 3723 659 3782 volvens
673 3724 788 3795 oculos,
805 3722 999 3801 dextramque
1017 3725 1170 3804 repressit.

387 3815 428 3874 Et
444 3816 509 3892 jam
524 3816 648 3894 jamque
663 3817 759 3897 magis
774 3827 965 3878 cunctantem
980 3819 1103 3879 flectere
1116 3839 1216 3882 sermo
1327 3823 1386 3882 940

387 3909 544 3987 Coeperat,
561 3911 664 3970 infelix
678 3912 803 3970 humero
818 3931 908 3989 quum
922 3913 1061 3991 apparuit
1074 3914 1137 3974 alto

387 4003 522 4076 Balteus,
538 4013 569 4064 et
582 4006 660 4065 notis
674 4005 821 4066 fulserunt
835 4007 958 4086 cingula
979 4008 1068 4067 bullis

387 4095 533 4157 Pallantis
547 4099 633 4176 pueri
646 4119 654 4170 3
678 4100 789 4158 victum
805 4119 893 4177 quem
908 4102 1032 4161 vulnere
1045 4102 1170 4164 Turnus

388 4190 552 4264 Straverat,
571 4202 661 4270 atque
675 4193 808 4252 humeris
822 4194 973 4254 inimicum
988 4195 1104 4275 insigne
1118 4199 1255 4277 gerebat.

388 4281 454 4355 Ille,
471 4285 566 4344 oculis
582 4295 738 4364 postquam
751 4287 825 4346 saevi
837 4298 1029 4348 monumenta
1041 4289 1153 4353 doloris
1325 4295 1385 4354 945

387 4377 581 4456 Exuviasque
595 4379 706 4454 hausit,
723 4380 809 4440 furiis
823 4401 983 4457 accensus,
999 4392 1029 4442 et
1044 4382 1091 4445 ira
