3167 5234
338 556 394 615 120
622 548 649 595 Ρ.
672 546 840 595 vinulam
866 546 1039 595 MARDNIS

335 688 480 749 Fudimns
494 686 617 759 insidiis,
633 686 757 764 totique
770 686 948 765 agitavimus
961 688 1046 758 urbe,

335 783 489 862 Apparent
503 801 511 852 ;
534 780 620 859 primi
634 780 756 857 clypeos
770 780 952 856 mentitaque
965 781 1027 838 tela

335 878 522 955 Agnoscunt,
539 884 629 951 atque
643 892 698 931 ora
710 892 783 931 sono
797 872 946 931 discordia
959 873 1087 951 signent.

336 970 422 1029 Ilicet
436 970 588 1029 obruimur
601 986 724 1027 numero
738 986 745 1023 ε
768 968 941 1045 primusque
955 966 1116 1038 Cormbus,

335 1062 459 1123 Penelei
473 1062 588 1133 dextri,
604 1061 680 1120 divte
695 1061 898 1137 armipotentia
912 1060 951 1117 ud
964 1078 1048 1119 emm
1263 1062 1323 1119 425

335 1155 530 1225 Procumbit;
554 1154 634 1213 cudit
648 1162 677 1211 et
691 1154 838 1231 Rhipeus,
851 1154 1033 1233 justissimus
1049 1172 1128 1213 unus

337 1248 398 1319 Qui
412 1250 466 1309 suit
480 1250 510 1308 in
523 1249 662 1320 Teucris,
678 1257 708 1305 et
722 1247 962 1305 servantissimus
976 1248 1074 1323 sequi:

335 1342 393 1401 Dis
409 1344 495 1401 aliter
509 1342 613 1401 visum
655 1342 786 1399 Pereunt
801 1341 1001 1417 Hypanisque
1014 1340 1202 1418 Dymasque,

336 1435 456 1496 Confixi
471 1455 489 1493 n
503 1436 613 1494 sociis:
637 1454 694 1493 nec
707 1443 737 1491 te
751 1442 803 1492 tua
817 1434 953 1511 plurima,
968 1434 1098 1506 Panthu,

335 1528 504 1589 Labentem
518 1530 613 1607 pietus
627 1547 684 1586 nec
697 1528 845 1605 Apollinis
859 1527 951 1585 insula
964 1528 1045 1588 texit.
1265 1532 1324 1588 43⁰

337 1622 423 1681 Iliaci
437 1623 565 1694 cineres,
581 1634 612 1680 ct
625 1622 743 1679 flemma
756 1630 890 1679 extreme
903 1639 1046 1692 meorum,

336 1716 456 1787 Testor,
473 1715 504 1773 in
517 1734 626 1773 occasu
642 1722 752 1787 vestro,
768 1734 827 1773 nec
838 1714 900 1771 tela
911 1733 970 1773 nec
983 1715 1060 1773 ullas

337 1808 488 1868 Vitavisse
503 1809 585 1867 vices
598 1806 738 1865 Densiim
752 1828 759 1877 ;
784 1816 824 1878 et,
840 1808 867 1865 si
879 1807 941 1866 sats
955 1808 1081 1867 luismm

338 1900 378 1961 Ut
392 1900 542 1972 cuderem,
558 1901 702 1959 meruisse
717 1918 815 1959 manu.
856 1901 1035 1960 Divellimur
1048 1901 1128 1975 inde,
1575 1954 1577 1987 l

339 1992 455 2073 Iphitus
469 2004 499 2053 et
512 1993 613 2053 Pelias
627 2012 765 2065 mecum;
789 2013 915 2071 quorum
929 1994 1043 2072 Iphitus
1056 2014 1121 2053 mro
1266 1994 1324 2053 4:36
1576 1990 1577 2035 l

337 2088 409 2147 Jam
421 2087 553 2167 gravior,
568 2088 669 2146 Pelius
684 2096 713 2146 et
728 2088 851 2147 vulnere
864 2087 967 2146 tardus
985 2087 1126 2164 Ulyssei:

338 2179 487 2241 Protenus
501 2181 538 2239 ed
552 2180 640 2239 sedes
652 2180 764 2239 Priami
778 2181 908 2259 clamore
923 2181 1030 2239 vocati.

380 2274 444 2333 Hic
457 2274 529 2358 vend
544 2274 694 2353 ingentem
708 2293 848 2352 pugnarn,
864 2292 923 2332 ceu
935 2284 1047 2332 cmtera
1059 2292 1208 2351 nusquam

338 2368 424 2427 Bella
438 2368 543 2439 forent,
559 2367 632 2425 nulli
645 2366 708 2425 toti
721 2375 909 2425 morerentur
921 2367 952 2425 in
965 2369 1040 2425 urbe
1053 2385 1061 2424 ε

269 2454 289 2477 ’“
339 2460 390 2521 Sic
403 2461 534 2519 Mortem
546 2460 727 2531 indomitum,
743 2460 928 2538 Danaosque
943 2460 980 2518 ad
992 2468 1074 2519 tecta
1086 2468 1209 2518 ruentes
1267 2462 1325 2536 440

339 2544 511 2625 Cernimus,
528 2555 741 2629 obsessumque
756 2552 827 2612 ectri
837 2553 987 2612 testudine
1001 2554 1101 2611 limen.

339 2646 467 2705 Haerent
482 2647 644 2724 parietibus
659 2647 761 2715 scalea,
776 2656 937 2725 postesque
951 2647 1007 2705 sub
1022 2646 1103 2723 ipsos

339 2740 369 2800 N
371 2740 483 2821 ituntur
496 2739 638 2817 gradibus
652 2759 660 2809 3
684 2740 866 2817 clypeosque
880 2740 918 2798 ad
932 2740 994 2798 tels
1011 2740 1139 2798 sinistris

339 2833 472 2892 Protecti
485 2833 627 2909 objiciunt
640 2850 649 2902 ;
673 2842 814 2909 prensant
828 2833 947 2911 fastigia
960 2832 1081 2891 dextris.

339 2925 522 2987 Dardanidae
538 2926 644 2985 contrh
656 2932 755 2983 turres
771 2945 809 2984 ac
820 2934 903 2983 tecta
918 2926 1071 2985 domorum
1266 2928 1326 2985 445

340 3018 482 3080 Culnrins
495 3020 665 3077 convellunt
679 3038 686 3088 ;
711 3018 757 3076 his
770 3038 815 3089 se,
831 3020 950 3096 quando
965 3020 1068 3078 ultime
1080 3026 1217 3091 cernunt,

338 3112 486 3177 Extremi
501 3114 565 3190 jem
578 3114 608 3173 in
621 3122 714 3172 morte
729 3122 833 3191 parant
847 3113 1007 3172 defendere
1019 3114 1088 3172 telis
1101 3131 1109 3169 ε

339 3197 531 3286 Aurelusquc
545 3209 657 3280 trebes,
674 3217 807 3266 veterum
820 3207 932 3265 decors
946 3208 1007 3265 alte
1019 3203 1185 3285 parentrim,

339 3302 531 3361 Devolvunt:
553 3301 603 3359 elii
617 3300 727 3359 strictis
742 3301 931 3359 mucronibus
945 3300 1020 3358 ima's

339 3392 495 3457 Obsedlere
510 3394 589 3452 sores
602 3414 610 3464 ;
635 3395 689 3453 hus
702 3402 823 3453 servant
836 3393 956 3471 agmine
969 3392 1072 3452 denso.
1268 3396 1327 3453 450

340 3488 503 3549 instaurati
517 3488 617 3559 enimi,
633 3488 714 3567 regis
727 3506 907 3547 succurrere
920 3488 1019 3559 tectis,

342 3580 521 3659 Auxilioque
535 3582 636 3639 levare
651 3581 740 3653 viros,
757 3582 876 3657 vimque
890 3580 1001 3638 addere
1015 3580 1109 3639 victis.

379 3677 485 3738 Limen
499 3684 575 3748 eret,
592 3694 742 3754 caecaeque
756 3676 847 3747 t'ores,
862 3683 893 3733 et
907 3675 1027 3752 pervius
1040 3694 1113 3733 usus

339 3756 503 3831 Tectorum
516 3774 594 3831 inter
607 3790 639 3830 sc
653 3770 776 3841 Priami,
793 3778 954 3847 postesque
966 3768 1065 3827 relicti

341 3865 480 3945 Atergo,
496 3866 597 3924 infelix
612 3862 672 3941 qni.
686 3882 730 3935 se,
748 3863 818 3921 dum
830 3880 926 3940 regna
939 3864 1108 3934 manebant,
1267 3862 1325 3920 455

342 3958 457 4036 Stepihs
470 3959 679 4017 Andromache
692 3958 771 4016 serre
785 3956 958 4015 incomitata
974 3956 1090 4013 solebat

340 4050 389 4111 Ad
403 4072 534 4122 soceros,
551 4060 581 4109 et
596 4070 652 4109 evo
666 4068 790 4129 puerum
804 4050 992 4127 Astyanacta
1004 4048 1153 4107 trahebat.

340 4144 446 4205 Evudo
459 4145 497 4202 ad
511 4145 617 4203 summi
631 4144 749 4221 lastigie
763 4142 910 4213 culminis,
926 4140 1004 4200 unde

341 4241 521 4301 Telamenu
536 4240 635 4297 miseri
651 4239 806 4315 jactabant
819 4238 903 4296 irrite
917 4234 1038 4294 Teucri.

340 4334 462 4395 Turrim
476 4334 505 4391 in
519 4332 662 4411 praecipiti
676 4338 814 4404 stentem,
830 4330 1011 4407 summisque
1024 4330 1081 4388 sub
1094 4337 1178 4390 astra
1268 4330 1325 4389 too
