3167 5234
528 573 728 622 Buconlcn
765 575 845 624 ECL.
869 575 932 624 vll.

239 711 311 784 Aut,
326 710 352 770 si
365 709 444 770 uitro
458 711 599 790 plooitum
611 713 750 788 leudirit,
765 715 898 774 bsoom
912 711 1038 774 muron

241 804 373 886 cingite,
388 823 427 865 ne
441 809 502 866 veti
515 815 622 868 noosei
635 809 716 868 meio
728 810 833 889 lingue
845 808 956 868 futuro.

655 984 808 1027 cosmon.

238 1087 337 1148 Setosi
349 1095 440 1168 ceput
453 1088 511 1148 hoo
525 1089 589 1168 opri
601 1089 667 1162 tibi,
682 1089 784 1162 Delie,
801 1107 912 1168 pervus

236 1181 278 1240 Et
290 1200 410 1242 rumoso
422 1179 525 1242 Micon
540 1182 654 1243 viveois
668 1201 784 1242 oornue
797 1181 889 1242 cervi.

238 1275 270 1335 Si
283 1275 435 1354 proprium
448 1275 506 1335 hoo
520 1275 619 1349 inerit,
636 1276 746 1336 levido
760 1294 907 1335 marmore
921 1281 985 1335 tois

236 1367 372 1428 Puniceo
385 1369 479 1429 nabis
492 1387 580 1430 sures
594 1369 714 1429 evhotu
726 1369 883 1430 cothurno.

660 1545 800 1586 Turesis.

239 1647 341 1708 Sinum
355 1647 441 1708 lentis
455 1657 485 1710 et
498 1647 563 1710 hueo
577 1655 606 1708 te
620 1649 690 1722 libs,
706 1649 829 1728 Priape,
844 1647 1003 1726 quotannis

238 1741 423 1820 Exspectare
437 1749 484 1802 set
498 1751 563 1802 est:
587 1750 689 1802 eustos
700 1762 734 1802 es
748 1743 890 1822 pauperis
903 1742 990 1802 horti.

237 1833 327 1896 Nono
340 1843 371 1894 ts
384 1855 583 1896 marmoreum
597 1857 651 1915 pro
663 1847 798 1916 tempore
812 1836 937 1896 seoimus
952 1855 961 1906 3
984 1842 1016 1896 st
1027 1842 1071 1908 tu,

238 1927 269 1988 Si
282 1928 382 1989 soture
394 1948 519 2010 gregem
533 1931 724 2010 suppleverit,
741 1949 853 1990 eureus
866 1938 941 1990 osto.

654 2107 807 2148 CORYDON-

237 2207 349 2268 Nerine
363 2209 504 2284 Gustus,
520 2211 621 2290 thymo
634 2211 705 2271 mihi
719 2210 836 2271 dulcior
848 2209 969 2289 Hybla,

237 2300 401 2363 candidior
414 2304 529 2382 oyonis,
544 2304 660 2366 hederis
671 2305 828 2364 formosior
841 2302 913 2363 niba
926 2323 935 2374 3

237 2393 337 2464 Quum
352 2395 477 2475 primiun
490 2399 568 2475 pesti
581 2404 717 2475 repetent
730 2397 880 2475 praesepin
891 2397 979 2470 tauri,

237 2487 269 2548 si
282 2508 342 2567 qus
355 2491 399 2550 tui
412 2489 584 2568 Corydonis
597 2491 688 2551 hebet
701 2498 731 2550 to
746 2509 833 2562 curs,
848 2489 958 2549 venito.

659 2667 800 2708 rumis.

235 2769 328 2830 Immo
341 2790 400 2850 ogo
413 2771 537 2831 Sardois
550 2771 654 2830 videor
666 2771 719 2830 tibi
733 2771 863 2831 amarior
875 2769 988 2844 herbis,

235 2863 395 2924 Horridior
413 2883 514 2938 rusco,
531 2863 664 2944 projecti
676 2865 762 2924 vilior
777 2861 857 2944 aigi,

236 2957 268 3018 Si
279 2957 351 3018 mihi
364 2977 424 3016 non
436 2957 502 3018 haeo
516 2958 566 3018 lux
578 2966 641 3018 toto
651 2959 713 3035 jam
727 2959 846 3038 longior
858 2977 937 3018 enno
950 2968 1006 3017 ost.

235 3049 280 3111 Its
294 3050 423 3124 domum,
438 3052 526 3131 pesti,
542 3051 567 3112 si
581 3053 649 3131 quis
663 3051 767 3130 pudor,
783 3052 824 3110 ite
833 3050 966 3128 juvenci.

652 3227 804 3268 comen.

233 3330 369 3391 Muscosi
382 3332 489 3404 sontes,
505 3339 535 3391 et
549 3345 652 3392 somno
666 3333 781 3392 moilior
793 3333 898 3404 herbe,

233 3424 274 3484 Et
289 3443 356 3502 quen
370 3443 424 3484 vos
437 3423 509 3486 reri
522 3425 624 3485 viridis
632 3426 707 3504 tegit
722 3427 846 3486 arbutus
859 3421 977 3497 umbri,

234 3518 398 3578 solstitium
411 3519 512 3597 pecori
527 3518 675 3579 defendite
691 3538 698 3576 3
717 3520 780 3597 jorn
794 3520 875 3580 venii
888 3529 978 3579 estu

233 3610 374 3685 Torride,
385 3611 448 3688 jorn
461 3613 530 3672 leto
543 3619 664 3694 turgent
677 3614 707 3672 in
722 3615 842 3692 palmite
855 3632 992 3694 gemme.

657 3791 798 3832 rmnsis.

233 3889 298 3952 Hio
313 3891 398 3951 focus
410 3899 441 3953 et
453 3892 541 3955 todo
555 3895 681 3974 pingues
697 3915 705 3966 3
729 3895 780 3955 hio
795 3893 939 3973 plurimus
952 3889 1030 3972 ignis

234 3986 368 4063 Semper,
384 3993 414 4047 ei
428 3986 551 4050 assidui.
563 3996 663 4067 postes
676 3989 800 4067 fuligine
814 3986 892 4066 nigri
906 4005 915 4044 3

233 4075 299 4138 flio
311 4080 426 4141 tentius
438 4081 545 4142 Boreae
559 4101 700 4142 curemus
714 4083 838 4160 frigore,
855 4078 998 4158 quonium

233 4172 296 4233 Aut
310 4191 465 4236 numerum
478 4177 577 4255 lupus,
593 4183 645 4236 sut
657 4175 804 4236 torrentis
816 4175 939 4234 flumine
955 4175 1045 4253 ripns.

652 4318 806 4394 conrnor«.

235 4453 321 4515 sient
333 4461 364 4515 ei
373 4453 516 4538 juniperi,
531 4465 563 4517 et
575 4463 727 4518 oosiwsae
740 4455 863 4516 ffinmn
878 4474 887 4527 3

539 4553 559 4610 ³
985 4566 1008 4609 o
