3167 5234
355 541 372 596 8
641 529 668 577 r.
688 527 856 578 veneten
872 527 1046 578 ιιιιιοιιιι

355 670 469 730 Stultus
483 689 540 749 ego
554 669 623 729 buic
637 677 746 728 nostrae
761 668 896 738 similem,
911 666 971 744 qud
985 667 1066 746 saspd
1079 667 1210 728 solemus

354 764 497 825 Pastoros
511 765 610 824 ovium
623 772 744 824 teneros
757 763 908 842 depellere
922 764 1023 822 foetus.

355 859 406 918 Sic
420 859 545 918 canibus
559 858 676 918 catulos
690 858 812 929 similes,
827 857 873 915 sic
886 856 1031 916 matribus
1045 855 1148 915 haedos

354 953 384 1012 N
386 951 469 1012 drnm
483 971 491 1022 ς
514 953 559 1011 sic
573 953 673 1031 parvis
687 967 867 1028 componere
881 967 992 1027 magna
1005 949 1149 1010 solebam.

354 1045 467 1106 Verium
481 1045 547 1105 haec
560 1045 675 1106 tantitm
689 1046 762 1104 alias
777 1045 853 1102 inter
866 1051 957 1122 caput
970 1043 1075 1102 extulit
1088 1044 1190 1116 urbes,

355 1139 508 1210 Quantum
521 1140 602 1198 lenta
615 1140 712 1199 solent
725 1139 804 1197 inter
816 1137 945 1196 viburna
959 1137 1105 1216 cupressi.

757 1313 935 1355 MELIBOEUS.

353 1421 394 1482 Et
408 1441 475 1500 quan
489 1429 573 1481 tanta
587 1420 640 1480 fuit
654 1420 782 1479 Romam
796 1420 850 1478 tibi
863 1439 958 1481 causa
970 1417 1089 1478 ridendi
1104 1418 1115 1476 i

776 1595 917 1637 TITYRUS.

352 1699 513 1759 Libertas:
537 1720 603 1777 quae
618 1719 697 1773 sere,
713 1708 812 1758 tumen
825 1699 957 1778 respexit
971 1699 1107 1772 inertem,

354 1791 520 1854 Candidior
533 1802 690 1870 postquam
704 1791 839 1852 tondenti
852 1795 947 1851 barba
960 1793 1087 1852 cadebat
1101 1810 1109 1850 t

352 1887 498 1964 Respexit
512 1897 623 1958 tamen,
639 1897 669 1946 et
684 1888 774 1966 longo
789 1887 855 1965 pdst
868 1895 1002 1964 tempore
1015 1887 1106 1958 venit,

352 1979 517 2056 Postquam
531 1999 586 2039 nos
599 1979 763 2058 Amaryllis
776 1980 877 2052 habet,
893 1979 1025 2039 Galatea
1036 1980 1166 2057 reliquit.

352 2073 382 2133 N
385 2093 503 2152 amque,
520 2075 636 2133 fatebor
649 2074 810 2146 enim‚dum
824 2093 871 2133 me
885 2073 1016 2133 Galatea
1029 2075 1161 2145 tenebat,

352 2167 382 2227 N
384 2187 421 2227 ec
434 2188 504 2246 spes
517 2168 663 2227 libertatis
677 2177 751 2240 erat,
768 2188 824 2227 nec
840 2187 915 2227 cura
929 2164 1030 2245 peculi
1044 2186 1052 2224 ι

354 2260 500 2330 Quamvis
512 2261 605 2321 multe
618 2261 693 2320 meis
707 2262 801 2320 exiret
816 2262 936 2320 victima
949 2261 1051 2338 septis,

350 2351 477 2434 Pinguis
491 2365 521 2414 et
535 2357 659 2434 ingratae
675 2365 862 2433 premeretur
874 2375 984 2414 caseus
998 2355 1077 2428 urbi,

353 2449 381 2508 N
384 2468 421 2508 on
436 2468 568 2526 unquam
581 2449 683 2526 gravis
697 2468 758 2507 aere
773 2450 893 2508 domum
905 2449 977 2508 mibi
989 2449 1096 2508 dextra
1108 2449 1234 2510 redibat.

758 2623 937 2667 MRLlBOEUS.

352 2727 499 2801 Mirabar,
516 2728 586 2806 quid
600 2737 708 2788 moesta
721 2729 805 2801 deos,
820 2730 978 2807 Amarylli,
993 2749 1119 2790 vocares
1134 2749 1142 2801 3

354 2821 415 2883 Cui
428 2822 558 2899 pendere
572 2820 629 2881 sud
643 2823 788 2900 patereris
803 2823 834 2881 in
847 2825 956 2882 arbore
970 2842 1057 2902 poma
1072 2843 1080 2882 ε

353 2915 476 2993 Tityrus
489 2915 557 2975 hinc
572 2918 685 2975 eberat.
728 2916 806 2996 Ipsae
821 2925 862 2989 te,
877 2917 994 2995 Tityre,
1012 2917 1108 2995 pinus,

354 3005 415 3088 Ipsi
428 3018 457 3068 te
468 3009 576 3082 sontes,
592 3009 657 3088 ipsa
671 3011 737 3070 haec
751 3012 886 3083 arbusta,
903 3013 1061 3072 vocabant.

776 3187 918 3228 ananus.

354 3291 434 3360 Quid
449 3293 580 3351 facerem
597 3289 608 3350 i
629 3313 727 3370 neque
742 3295 864 3353 servitio
877 3315 925 3353 sne
937 3293 1019 3352 exire
1034 3294 1155 3368 licebat,

352 3385 420 3445 Nec
435 3394 495 3445 tam
510 3393 673 3464 praesentes
688 3387 757 3446 alibi
772 3405 958 3466 cognoscere
973 3388 1065 3448 diros.

352 3478 415 3538 Hic
429 3480 511 3539 illum
525 3479 585 3539 vidi
594 3479 746 3556 juvenem,
763 3481 918 3554 Meliboee,
935 3481 1094 3559 quotannis

352 3573 406 3634 Bis
419 3593 508 3632 senos
522 3572 571 3632 cui
585 3581 687 3633 nostra
700 3575 763 3634 dies
778 3576 885 3634 altaria
898 3575 1022 3635 fumant.

352 3663 415 3725 Hic
429 3665 499 3725 mibi
512 3685 687 3745 responsum
702 3669 814 3748 primus
827 3669 908 3728 dedit
922 3670 971 3728 ille
986 3669 1098 3748 petenti
1113 3687 1121 3726 ι

356 3767 376 3794 “
387 3761 518 3835 Pascite,
534 3771 566 3821 ut
581 3761 661 3835 ante,
677 3765 780 3835 boves,
797 3765 882 3842 pueri
897 3784 906 3835 ;
929 3765 1090 3824 submittite
1104 3765 1242 3826 tauros.”

757 3939 934 3984 MELIBOEUS.

353 4041 518 4102 Fortunate
529 4048 640 4103 senex!
661 4065 734 4125 ergo
748 4053 801 4105 tua
815 4067 886 4106 rura
900 4048 1060 4108 manebunt
1074 4051 1082 4106 l

353 4135 394 4196 Et
406 4136 460 4194 tibi
473 4155 583 4216 magna
596 4137 679 4210 satis,
696 4142 832 4215 quamvis
845 4141 921 4220 lapis
934 4141 1032 4200 omnia
1045 4141 1144 4202 nudus

353 4228 534 4306 Limosoque
549 4232 634 4309 palus
648 4233 776 4292 obducat
792 4254 905 4312 pascua
913 4235 1016 4311 junco.

354 4318 382 4384 N
384 4343 422 4382 on
436 4324 553 4383 insuete
566 4345 674 4405 graves
688 4330 845 4388 tentabunt
858 4329 968 4407 pabula
982 4329 1082 4404 loetas,

1298 4333 1340 4391 ⁶0
