3167 5234
547 566 725 619 musicos
744 569 816 619 niu.
831 570 877 619 vi
1148 578 1204 639 2⁰1

218 710 279 773 His
291 706 428 769 mersisre
439 708 527 767 melis
540 726 548 777 3
571 708 624 767 ille
636 709 703 768 hnc
715 718 907 769 monuments
919 709 1048 786 reliquit.

219 806 370 881 quue,
386 810 419 861 ut
432 820 602 879 supremum
613 802 689 861 sulse
701 804 780 861 iuter
793 804 906 881 gaudis
923 812 1042 865 noctem

217 898 392 977 Egerimus‚
407 895 487 955 obsti
500 914 509 965 ;
532 904 562 955 et
575 896 697 955 nimium
709 898 878 955 meminisse
893 916 1019 957 necesse
1033 904 1089 959 est.

218 990 436 1058 Quumsutelis
448 990 740 1068 squussultusuper
754 990 850 1050 ardue
863 993 943 1051 venit
1149 994 1208 1053 515

217 1084 381 1163 Pergamo,
397 1091 428 1142 et
441 1092 587 1143 usmetum
600 1084 729 1161 peditem
742 1085 845 1162 gravis
859 1086 956 1145 attulit
972 1085 1041 1147 elvo
1054 1106 1064 1158 ;

218 1177 286 1251 Ille,
302 1179 427 1237 chorum
440 1177 593 1249 simulans,
608 1186 731 1237 evantes
744 1178 830 1257 orgis
842 1180 957 1239 circium

217 1272 362 1332 Ducebat
374 1271 524 1350 Phrygius
535 1290 543 1341 ;
566 1272 714 1331 flammam
727 1274 827 1331 medie
841 1274 907 1351 ipss
919 1277 1040 1335 tenebat

219 1366 388 1445 Ingentem,
404 1374 434 1423 et
447 1364 565 1425 summis
576 1365 702 1425 Dsncos
715 1382 754 1426 ex
767 1386 839 1425 erce
853 1370 990 1429 vocnbet.

218 1460 300 1519 Tum
311 1478 371 1532 me,
386 1459 556 1517 coniectum
568 1458 649 1517 curis
663 1480 826 1536 somnoque
841 1470 1010 1539 gravatum,
1149 1462 1210 1521 buo
1256 1458 1260 1475 ¹

221 1554 329 1614 Infelix
342 1554 443 1613 hebuit
455 1554 606 1612 thelnmus
618 1573 626 1622 3
650 1554 818 1631 pressitque
835 1555 987 1631 jacentem

220 1650 330 1710 Dulcis
343 1658 373 1709 et
387 1650 447 1707 elta
460 1649 555 1725 quies,
573 1649 758 1725 placidusque
772 1650 921 1709 simillime
934 1652 1030 1711 morti.

220 1744 358 1823 Egregie
369 1744 487 1802 interes
500 1742 610 1819 conjux
623 1761 707 1800 erma
720 1744 820 1801 omnin
833 1744 922 1801 tectis

220 1837 359 1908 Emoret,
374 1844 405 1894 et
418 1836 508 1893 fidum
522 1836 614 1912 ospiti
626 1836 809 1894 subduxerat
823 1856 935 1897 ensem.

220 1932 306 1991 lntru
317 1938 401 1991 tectu
413 1936 501 1989 vocet
514 1929 698 2000 Menelaum,
714 1938 744 1987 et
758 1929 859 1989 limine
874 1930 994 2008 pendit;
1148 1932 1208 1989 buo

222 2026 343 2085 Scilicet
357 2024 387 2082 id
399 2042 543 2102 megnum
554 2042 678 2101 speruus
691 2022 755 2081 sore
768 2042 877 2081 munus
891 2024 1012 2097 ementi,

220 2121 262 2181 Et
274 2121 385 2183 semum
398 2118 531 2196 extingui
544 2125 679 2177 veterum
692 2118 737 2176 sio
751 2138 839 2195 posse
855 2120 1009 2178 melorum.

223 2213 303 2282 Quid
315 2232 416 2271 moror
431 2211 443 2268 i
463 2212 628 2287 irrumpunt
641 2211 794 2281 thelemo;
820 2230 921 2271 comes
935 2212 1052 2273 additus
1070 2210 1131 2272 unis

221 2307 370 2367 Hortutor
382 2306 531 2364 scelerum
544 2304 694 2363 AEolides.
735 2304 789 2376 Di,
806 2307 879 2363 teliu
891 2306 994 2365 Graiis

222 2402 404 2471 lustuurete,
420 2399 468 2477 pio
481 2398 508 2456 si
520 2416 626 2475 pennus
639 2418 691 2456 ore
705 2416 842 2475 reposco.
1150 2400 1210 2459 5³0

224 2495 283 2555 Sed
296 2503 326 2553 te
341 2494 392 2571 qui
405 2492 505 2551 vivum
518 2510 618 2562 cesus,
636 2510 706 2569 nge,
722 2492 786 2551 fere
801 2492 942 2565 vicissim,

223 2588 395 2649 Attulerint.
436 2586 584 2663 Pelagine
598 2584 684 2642 venis
697 2586 850 2645 erroribus
865 2596 959 2659 nctus,

224 2682 275 2743 An
286 2682 399 2741 monitu
412 2676 536 2738 dietim?
558 2697 597 2736 en
611 2697 679 2755 qum
692 2686 722 2737 te
736 2678 856 2738 fortune
870 2681 986 2759 sntigut,

225 2776 264 2835 Ut
277 2775 370 2834 tristis
383 2774 448 2833 sine
462 2773 525 2833 sole
539 2773 652 2844 domos,
669 2773 736 2831 loce
748 2773 879 2845 turbide,
897 2775 995 2834 edii-es
1010 2774 1021 2832 l

261 2868 336 2929 Hic
350 2869 416 2925 vice
430 2885 599 2925 sermonum
612 2866 708 2925 roseis
720 2867 841 2925 Aurors
855 2868 1008 2946 quadrigis

225 2964 293 3023 Jsm
307 2962 437 3021 medium
449 2960 572 3019 eutherio
585 2979 676 3019 cursu
690 2961 851 3036 trajecerat
873 2980 958 3021 exem
974 2982 982 3031 ;

225 3058 266 3117 Et
277 3056 340 3115 sors
353 3074 440 3114 omne
454 3054 554 3112 dotum
568 3053 721 3111 traherent
735 3072 789 3131 per
803 3055 874 3113 tolie
888 3063 1025 3133 tempus:
1070 3100 1075 3109 .

226 3150 285 3210 Sed
299 3168 400 3209 comes
414 3147 575 3217 admonuit,
591 3148 781 3223 breviterque
797 3148 887 3206 nii‘stn
902 3149 1015 3227 Sibylla
1029 3156 1097 3209 est:

225 3245 294 3304 Nox
306 3243 377 3313 ruit,
392 3242 519 3309 AEuee3
542 3259 597 3298 noe
611 3240 710 3298 flendo
723 3240 859 3301 ducimus
873 3242 973 3303 hores.

223 3336 287 3397 Hic
300 3336 387 3395 locus
400 3343 457 3405 est,
473 3342 574 3411 pertus
589 3334 639 3391 ubi
652 3352 685 3391 ee
699 3334 749 3392 vis
763 3335 846 3393 findit
864 3337 894 3393 in
909 3339 1011 3395 ambas
1025 3358 1032 3395 :

224 3429 372 3500 Dextera,
388 3447 455 3504 ques
467 3425 549 3485 Ditis
562 3427 663 3504 mugni
677 3429 733 3485 sub
746 3429 859 3487 moenin
872 3430 965 3488 tendit
978 3450 986 3501 ;

225 3521 298 3582 Hte
311 3523 369 3582 iter
381 3521 519 3597 Elysium
532 3521 618 3578 nobie
631 3540 638 3577 :
660 3528 690 3578 et
704 3522 782 3579 iesvs
795 3522 940 3583 melorum

225 3617 358 3676 Exercet
372 3633 487 3692 poenas,
503 3622 533 3671 et
548 3613 586 3671 ed
599 3614 689 3691 impie
701 3615 831 3673 Tertor-e
850 3617 945 3676 mittit.

225 3710 403 3787 Deiphobus
417 3707 541 3767 contrd:
563 3708 592 3766 N
594 3728 611 3765 e
625 3709 709 3778 saevi,
725 3727 834 3786 magne
849 3710 1011 3779 sacerdos3

224 3802 400 3874 Discedam,
416 3803 542 3879 explebo
554 3820 720 3871 numerum,
736 3802 905 3879 reddarque
920 3802 1060 3863 tenebris.

227 3896 242 3955 1
255 3897 359 3968 decus,
374 3896 395 3968 i,
412 3905 565 3965 nostrum3
588 3894 761 3952 melioribus
774 3904 859 3953 utere
875 3894 951 3955 setis.

227 3989 355 4049 Tenthm
370 3990 488 4060 effetus,
505 3989 578 4046 etin
592 3989 684 4046 verbo
698 3989 825 4065 vestigio
838 3990 932 4047 torsit.

205 4091 209 4100 ‘
264 4083 403 4159 Respicit
416 4084 537 4141 AEueee
550 4080 660 4151 subitd,
676 4088 706 4137 et
719 4082 775 4138 sub
789 4100 863 4158 rupe
879 4082 1001 4143 sinistri

128 4211 132 4246 3
227 4175 341 4236 Μαικία
354 4177 416 4235 ints
429 4176 518 4247 videt,
533 4174 643 4251 triplici
657 4174 841 4233 circumdate
856 4194 940 4235 muro
953 4196 961 4245 ;

226 4268 303 4336 Quae
318 4268 441 4347 rupidus
456 4268 581 4327 flammis
595 4267 685 4326 ambit
698 4268 879 4325 torrentibus
894 4271 988 4329 omnis

227 4361 392 4421 Tartareus
404 4363 602 4441 Phlegethon,
618 4369 796 4439 torquetque
810 4364 947 4425 souentiu
960 4384 1043 4427 suu.
