3167 5234
353 560 410 618 104
651 552 678 599 r.
691 550 856 601 vinorum
876 552 1046 603 asserus

284 706 293 718 ’
350 693 483 753 invisam
497 712 636 771 quaerens
649 693 865 772 quamprimum
880 696 1057 772 abrumpere
1071 694 1178 753 lucem.

349 788 430 847 Tum
444 789 576 846 breviter
588 788 707 846 Barcen
721 790 868 847 nutricem
883 788 975 847 affata
990 788 1119 865 Sychaei,

350 882 491 960 Namque
511 902 596 941 suam
611 881 709 959 patrib
722 881 848 959 antiqui
861 883 936 941 cinis
950 892 1016 941 ater
1030 884 1180 941 babebat:

350 976 481 1049 Annam,
497 995 571 1035 cara
585 976 655 1034 mibi
668 976 778 1048 nutrix,
795 977 853 1035 bue
867 977 939 1036 siste
953 994 1085 1035 sororem
1100 996 1108 1047 3

350 1071 412 1131 Dic
426 1092 535 1149 corpus
550 1079 687 1149 properet
705 1071 818 1129 fluviali
832 1090 975 1149 spargere
990 1068 1121 1148 lympbi,

351 1166 393 1225 Et
411 1166 543 1244 pecudes
555 1186 659 1225 secum
672 1174 703 1223 et
716 1174 883 1225 monstrata
897 1166 1015 1242 piacula
1028 1166 1120 1223 ducat
1131 1184 1139 1235 3

352 1264 404 1321 Sic
417 1262 535 1320 veniat:
559 1271 650 1338 tuque
665 1262 730 1340 ipsa
745 1259 796 1338 pisi
812 1270 881 1339 tege
895 1270 1031 1338 tempora
1044 1260 1127 1320 vitta.

352 1357 447 1415 Sacra
459 1356 529 1415 Jovi
547 1356 663 1433 Stygio,
681 1354 818 1431 quaerite
833 1356 952 1433 incepta
966 1355 1080 1432 paravi,
1198 1415 1203 1423 ,

314 1528 318 1537 Ι
350 1450 504 1512 Perficere
518 1460 565 1510 est
579 1452 705 1523 animus,
721 1452 871 1529 finemque
885 1451 1037 1529 imponere
1051 1452 1142 1523 curis,

350 1544 557 1623 Dardaniique
571 1564 677 1623 rogum
692 1546 798 1622 capitis
811 1545 981 1623 permittere
995 1546 1130 1605 flammas.

352 1640 403 1698 Sic
416 1640 467 1699 ait.
510 1638 568 1697 Illa
581 1639 707 1717 gradum
721 1638 819 1697 studio
833 1639 986 1697 celerabat
1001 1638 1081 1698 anili.

391 1735 432 1792 At
445 1733 560 1811 trepida
576 1742 606 1790 et
620 1733 726 1810 coeptis
740 1733 918 1790 immanibus
932 1732 1026 1791 effera
1040 1732 1130 1803 Dido,

352 1827 557 1904 Sanguineam
570 1826 694 1885 volvens
712 1826 818 1897 aciem,
835 1827 1019 1904 maculisque
1033 1834 1194 1887 trementes

352 1920 502 1979 Intersusa
515 1938 621 1998 genas,
637 1927 667 1977 et
688 1918 797 1996 pallida
810 1929 904 1977 morte
919 1918 1029 1991 suturis,

352 2012 501 2072 Interiora
513 2014 619 2072 domim
633 2013 766 2090 irrumpit
782 2012 895 2084 limina,
911 2021 941 2070 et
956 2012 1032 2071 altos

353 2107 538 2167 Conscendit
551 2107 711 2166 furibunda
723 2126 824 2184 rogos,
841 2126 1003 2184 ensemque
1018 2107 1144 2166 recludit

351 2201 549 2273 Dardanium,
565 2221 625 2259 non
643 2201 697 2259 bos
712 2201 869 2277 quaesitum
884 2220 990 2259 munus
1004 2202 1032 2259 in
1048 2220 1129 2261 usus.

352 2294 427 2366 Hic,
443 2280 598 2373 postquam
612 2294 724 2352 lliacas
739 2302 840 2352 vestes
853 2302 1014 2372 notumque
1029 2296 1128 2353 cubile

352 2386 529 2466 Conspexit,
545 2388 664 2466 paulum
677 2388 820 2465 lucrymis
834 2395 864 2445 et
878 2396 975 2447 mente
990 2398 1114 2462 morata,

352 2481 552 2559 Incubuitque
571 2491 648 2553 toro,
663 2481 796 2558 dixitque
811 2483 972 2541 novissima
986 2486 1078 2542 verba
1095 2503 1102 2541 :

391 2576 507 2635 Dulces
521 2575 647 2647 exuviae,
663 2575 732 2633 dum
747 2576 810 2633 fata
822 2576 957 2653 deusque
971 2577 1120 2649 sinebant,

352 2670 489 2747 Accipite
503 2670 581 2728 hauc
596 2670 735 2740 animam,
751 2688 859 2746 meque
879 2670 925 2727 his
939 2671 1081 2729 exsolvite
1096 2671 1186 2731 curis.

351 2762 433 2833 Vixi,
447 2771 477 2820 et
495 2781 582 2838 quem
595 2762 719 2820 dederat
733 2781 854 2821 cursum
867 2762 1003 2822 Fortuna
1017 2766 1139 2844 peregi:

351 2854 393 2915 Et
407 2875 487 2914 nunc
500 2875 609 2934 magna
623 2855 681 2914 mei
701 2857 757 2914 sub
771 2864 869 2915 terras
883 2856 935 2915 ibit
954 2858 1061 2937 imago.

352 2948 464 3008 Urbem
479 2950 654 3027 praeclaram
669 2951 760 3008 statui
776 2968 784 3020 3
809 2970 876 3008 mea
888 2952 999 3010 moenia
1014 2952 1072 3010 vidi
1085 2970 1093 3022 3

352 3042 424 3103 Ulta
436 3046 542 3116 virum,
559 3064 664 3121 poenas
677 3045 798 3104 inimico
812 3066 831 3104 a
844 3046 936 3103 fratre
953 3047 1056 3124 recepi
1072 3066 1079 3117 3

351 3138 449 3211 Felix,
465 3139 523 3197 heu
539 3141 546 3196 !
568 3138 689 3197 nimium
703 3138 783 3209 felix,
800 3139 826 3197 si
839 3138 938 3197 littora
950 3140 1064 3198 tantiun

352 3228 516 3310 Nunquam
529 3232 692 3291 Dardaniae
706 3232 876 3311 tetigissent
889 3244 992 3290 nostre
1006 3233 1117 3292 carinae
1132 3236 1140 3291 t

351 3324 445 3397 Dixit,
462 3335 492 3385 et
506 3346 540 3385 os
554 3327 699 3404 impressa
715 3335 793 3397 toro,
809 3326 975 3384 Moriemur
988 3326 1087 3384 inultm
1104 3329 1111 3383 !

352 3420 412 3478 Sed
425 3421 596 3493 moriamur,
613 3422 663 3479 ait.
708 3420 769 3492 Sic,
785 3420 830 3479 sic
847 3420 934 3497 juvat
949 3419 993 3478 ire
1007 3422 1062 3478 sub
1078 3421 1207 3480 umbras.
1278 3422 1337 3480 660

351 3512 484 3573 Hauriat
498 3515 577 3572 hunc
591 3515 686 3573 oculis
700 3514 800 3593 ignem
815 3514 945 3573 crudelis
960 3517 998 3572 ab
1012 3516 1072 3573 alto

351 3607 524 3680 Dardanus,
541 3616 571 3667 et
584 3616 694 3668 nostro
709 3629 813 3668 secum
825 3610 902 3668 ferat
916 3610 1015 3667 omina
1027 3610 1139 3669 mortis.

389 3701 517 3760 Dixerat
533 3721 541 3772 3
565 3710 656 3778 atque
670 3702 749 3760 illam
763 3703 862 3761 media
876 3704 953 3761 inter
964 3702 1039 3760 talia
1053 3702 1131 3761 serre

352 3792 525 3873 collapsum
540 3795 706 3874 adspiciunt
721 3797 855 3869 comites,
872 3815 1034 3873 ensemque
1049 3814 1156 3855 cruore

351 3889 554 3965 Spumantem,
574 3910 755 3967 sparsasque
769 3909 884 3950 manus.
930 3888 956 3948 lt
971 3890 1083 3948 clamor
1097 3889 1134 3948 ad
1148 3890 1210 3949 alta
1279 3891 1337 3949 666

349 3980 438 4040 Atria
453 4000 461 4051 3
484 4002 662 4042 concussam
675 3984 841 4042 bacchatur
855 3984 934 4042 semu
948 4004 1002 4062 per
1016 3986 1119 4042 urbem
1135 4002 1142 4053 ;

349 4070 514 4147 Lamentis,
530 4076 713 4154 gemituque,
729 4086 759 4136 et
773 4079 912 4138 foemineo
927 4077 1041 4136 ululatu

350 4165 448 4225 Tecta
461 4168 589 4227 fremunt
605 4190 613 4239 3
635 4180 756 4229 resonat
774 4172 890 4251 magnis
905 4173 1099 4250 plangoribus
1114 4172 1216 4232 aether.

351 4260 379 4319 N
382 4280 420 4318 on
435 4261 521 4319 aliter
534 4264 624 4338 quium
638 4264 663 4322 si
676 4265 815 4324 immissis
829 4274 895 4324 ruat
910 4266 1044 4323 hostibus
1058 4264 1153 4324 omnis

351 4353 517 4433 Carthago,
534 4364 585 4413 aut
604 4358 726 4434 antiqua
738 4358 849 4436 Tyros,
865 4358 1051 4437 flammaque
1065 4358 1198 4417 furentes
1279 4360 1337 4418 sto

351 4446 492 4509 Culmiua
505 4468 618 4529 perque
633 4450 782 4513 bominum
796 4454 953 4513 volvantur
966 4472 1079 4533 perque
1093 4452 1226 4514 deorum.
