3167 5234
610 494 789 545 AENEIDOS
809 496 879 545 ΗΒ.
894 494 913 543 l.

267 638 345 701 June
357 637 449 698 dabat
462 639 608 716 legesque
623 637 705 708 viris,
721 654 905 715 operumque
920 634 1052 695 laborem

268 733 410 792 Partibus
423 731 563 807 aequabat
581 730 682 806 justis,
698 739 750 787 aut
768 713 848 787 sorte
863 729 1019 787 trahebat:

269 826 369 893 Quum
391 824 490 883 subitd
504 824 624 881 AEneas
638 842 788 881 concursu
803 822 949 881 accedere
964 840 1072 900 magno

267 918 397 989 Anthea,
414 920 648 995 Sergestumque
663 916 753 987 videt,
770 916 936 993 sortemque
952 915 1144 989 Cloanthum,
1198 916 1258 975 510

268 1010 515 1087 Teucrorumque
531 1011 616 1082 alios,
632 1018 698 1068 ater
713 1030 788 1086 quos
802 1028 923 1085 aequore
936 1010 1024 1067 turbo

266 1106 453 1185 Dispulerat‚
469 1106 646 1183 penitusque
661 1106 737 1164 alias
750 1113 894 1163 avexerat
907 1124 985 1165 oras.

267 1202 427 1279 Obstupuit
441 1200 528 1258 simul
542 1201 617 1278 ipse,
634 1201 721 1260 simul
739 1220 900 1279 percussus
914 1202 1048 1260 Achates

266 1294 447 1371 Loetitidque
466 1303 606 1370 metuque
624 1313 631 1352 ε
656 1295 734 1353 avidi
748 1296 933 1373 conjungere
947 1295 1068 1355 dextras

267 1389 419 1447 Ardebant
432 1408 441 1457 ;
464 1388 518 1445 sed
531 1408 582 1446 res
595 1388 710 1446 animos
723 1389 876 1466 incognita
889 1390 998 1448 turbat.

266 1474 463 1541 Dissimulant
479 1501 487 1551 ;
510 1490 540 1541 et
554 1484 634 1540 nube
648 1480 728 1540 cavi
741 1482 933 1559 speculantur
946 1483 1057 1553 amicti,

269 1576 346 1644 Quis
359 1578 479 1635 fortuna
493 1578 574 1649 viris,
591 1578 720 1635 classem
736 1596 794 1652 quo
809 1576 906 1635 littore
921 1578 1067 1653 linquant,

267 1670 347 1738 Quid
361 1671 482 1729 veniant
498 1690 506 1740 ;
530 1671 647 1729 cunctis
661 1690 729 1728 nam
743 1670 814 1729 lecti
828 1670 954 1729 navibus
968 1671 1049 1729 ibant

266 1763 394 1823 Orantes
409 1764 537 1835 veniam,
553 1773 583 1822 et
601 1764 744 1841 templum
756 1764 888 1821 clamore
903 1764 1054 1842 petebant.

303 1857 466 1934 Postquam
480 1857 665 1935 introgressi,
677 1866 706 1915 et
721 1856 821 1915 cordm
836 1857 907 1915 data
920 1858 1007 1935 copia
1021 1858 1113 1931 laudi,

265 1950 416 2010 Maximus
430 1950 563 2009 Ilioneus
576 1951 694 2029 placido
708 1951 753 2009 sic
765 1959 886 2029 pectore
901 1950 991 2029 coepit
1008 1970 1015 2009 :

265 2044 293 2104 Ο
306 2044 422 2123 regina,
437 2064 545 2104 novam
560 2045 610 2103 cui
624 2044 754 2102 condere
766 2044 887 2121 Jupiter
900 2046 1014 2118 urbem,

264 2136 446 2214 Justitiique
460 2137 540 2196 dedit
557 2146 664 2215 gentes
678 2136 804 2195 fraenare
819 2139 974 2215 superbas,

264 2230 361 2290 'l'rois
372 2240 404 2289 te
417 2231 529 2303 miseri,
545 2231 642 2289 ventis
656 2231 750 2289 maria
764 2231 862 2289 omnin
878 2232 966 2303 vecti,

264 2325 412 2384 Oramm:
435 2325 560 2402 prohibe
574 2324 711 2382 infandos
725 2344 742 2381 a
757 2324 884 2381 navibus
898 2324 983 2401 ignes
997 2343 1005 2393 ;

263 2418 359 2477 Parce
374 2419 422 2497 pio
435 2418 551 2496 generi,
568 2425 597 2474 et
611 2417 732 2494 propiirs
745 2436 795 2475 res
810 2416 931 2494 adspice
944 2424 1072 2477 nostras.

264 2512 332 2571 Non
345 2532 401 2570 nos
414 2523 465 2570 ant
479 2512 559 2570 ferro
572 2511 707 2587 Libycos
721 2510 863 2588 populere
877 2510 1008 2569 Penates

262 2606 484 2715 Venimusqaut
497 2616 598 2685 raptas
613 2606 651 2664 ad
666 2606 767 2664 littora
781 2613 899 2664 vertere
914 2606 1053 2683 prmdas3

263 2701 331 2760 Non
345 2722 384 2759 ea
397 2722 442 2759 vis
456 2701 564 2772 animo,
580 2720 638 2759 nec
651 2708 735 2757 tanta
748 2699 890 2776 superbia
903 2699 999 2759 victis.

261 2794 318 2853 Est
335 2796 431 2865 locus,
446 2794 629 2872 Hesperiam
642 2793 729 2853 Graii
746 2793 924 2870 cognomine
939 2794 1051 2866 dicunt,

262 2887 359 2946 Terra
373 2888 506 2964 antiqua,
522 2898 628 2966 potens
642 2887 732 2945 armis
747 2895 837 2962 atque
853 2888 944 2943 ubere
958 2887 1055 2965 glebae
1071 2906 1079 2957 ;

264 2983 386 3043 OEnotri
399 2982 522 3043 coluere
536 2984 592 3042 viri
606 3004 614 3053 ;
637 3003 717 3041 nunc
731 2983 821 3053 sama,
837 2982 968 3041 minores

262 3076 379 3135 ltaliam
393 3078 514 3149 dixisse,
531 3078 616 3137 ducis
629 3078 666 3135 de
680 3076 810 3148 nomine,
826 3084 955 3155 gentem.

261 3169 335 3229 Huc
349 3191 457 3229 cursus
470 3171 524 3229 soit
540 3190 547 3227 :
861 3240 864 3249 Ι

260 3262 363 3330 Quum
378 3264 475 3322 subitd
489 3284 653 3343 assurgens
666 3263 758 3323 fluctu
773 3264 926 3323 nimbosus
939 3264 1034 3323 Orion

261 3355 296 3414 ln
309 3357 388 3415 vada
401 3377 486 3415 caeca
497 3358 575 3429 tulit,
592 3357 769 3434 penitusque
784 3358 961 3435 procacibus
972 3358 1093 3417 Austris
1171 3406 1175 3443 ἱ

259 3448 380 3525 Perque
395 3450 500 3521 undas,
516 3461 676 3527 superante
690 3452 766 3522 salo,
783 3470 895 3528 perque
911 3450 991 3509 invia
1005 3469 1090 3523 saxa,

259 3542 392 3619 Dispulit
407 3563 414 3601 ε
436 3543 495 3602 hnc
509 3546 598 3621 pauci
613 3546 720 3603 vestris
734 3544 910 3603 adnavimus
924 3546 1002 3619 oris,

261 3633 350 3707 Quod
364 3656 460 3714 genus
473 3638 530 3696 hoc
541 3638 702 3709 bominum,
716 3658 820 3715 qnoeve
832 3639 911 3697 hunc
922 3645 983 3696 tam
994 3638 1125 3697 barbare
1135 3656 1247 3697 morem

258 3727 406 3789 Permittit
420 3730 541 3807 patria?
568 3731 695 3809 hospitio
709 3731 900 3808 prohibemur
914 3750 1013 3789 arenae
1030 3732 1037 3788 l
1191 3732 1249 3791 540

257 3820 347 3880 Bella
359 3823 449 3894 cient,
466 3823 619 3900 primique
633 3832 735 3882 vetant
749 3824 915 3881 consistere
929 3821 1021 3882 terri.

259 3916 292 3972 si
304 3934 401 3993 genus
415 3917 576 3975 humanum
590 3927 619 3976 et
633 3916 771 3975 mortalia
784 3917 915 3975 temnitis
929 3935 1023 3989 arma,

258 4008 301 4065 At
314 4016 431 4085 sperate
447 4010 519 4067 deos
533 4029 679 4069 memores
693 4008 773 4067 fandi
793 4016 884 4085 etque
899 4010 1028 4071 nefandi.

257 4098 329 4159 Rex
342 4110 407 4159 erat
422 4100 538 4161 AEuess
556 4104 651 4174 nobis,
669 4122 726 4178 quo
742 4102 852 4177 justior
867 4104 951 4176 alter,

256 4192 326 4253 Nec
340 4194 448 4271 pietate
465 4195 528 4268 suit,
544 4215 602 4255 nec
616 4195 693 4253 bello
708 4195 803 4271 major
817 4204 847 4254 et
862 4198 974 4257 armis:
1188 4200 1247 4259 545

257 4284 358 4354 Quem
372 4288 397 4345 si
411 4288 474 4347 sata
486 4290 582 4348 virum
595 4296 727 4361 servant,
743 4290 769 4349 si
783 4292 914 4352 vescitur
928 4290 1003 4351 auri
