3167 5234
599 578 777 629 Multos
796 580 866 629 Lm
880 580 918 629 11.
1207 590 1260 647 111

275 721 443 792 Obtuierat,
459 718 556 778 fidene
568 718 667 792 animi,
682 727 775 797 atque
787 719 819 780 in
833 728 990 798 utrmque
1008 726 1142 799 paratae,

276 816 335 875 Seu
351 832 475 873 eernere
489 813 584 885 dotem
598 832 654 873 een
666 822 759 873 certe
770 814 953 875 occumbere
967 814 1063 875 morti

274 906 414 985 Undique
428 907 544 967 risendi
556 907 656 966 etudio
667 906 801 983 'l'rojaaa
817 906 959 983 jurantur

275 1000 470 1063 circumsona
481 1000 551 1072 ruit,
566 1008 744 1077 certantque
758 1000 883 1061 illudere
897 1008 995 1079 cepto.

274 1094 391 1174 Accipe
405 1114 486 1154 nunc
499 1091 641 1153 Dauarim
654 1094 797 1165 ieaidiaa3
821 1102 852 1155 et
865 1094 988 1155 crimine
1003 1096 1041 1155 ab
1054 1112 1114 1155 uuo
1222 1096 1262 1153 65

273 1188 369 1247 Dirce
382 1208 495 1249 omnen.

274 1282 425 1359 Namque,
441 1291 474 1340 ut
487 1288 649 1359 conepoctu
663 1282 694 1340 in
707 1282 815 1354 medio,
831 1284 977 1353 turbatus,
994 1281 1115 1341 inermia

274 1374 427 1447 Couatitit,
443 1383 533 1452 atque
545 1375 644 1434 oculie
655 1376 789 1454 Phrygia
803 1375 923 1455 agmina
935 1376 1145 1453 circumponit
1158 1393 1167 1433 t

274 1468 347 1528 Heu
361 1472 369 1526 t
392 1488 460 1546 que
472 1487 554 1527 nunc
568 1469 668 1540 telina,
683 1468 789 1545 inquit,
806 1486 873 1545 quae
887 1488 934 1527 me
948 1488 1071 1545 aequore
1085 1476 1208 1547 peanum

276 1560 425 1641 Accipere
439 1561 450 1618 ἰ
472 1570 524 1621 aut
537 1563 608 1639 quid
623 1562 687 1639 jam
698 1562 808 1630 minero
822 1562 893 1621 mihi
908 1561 1036 1639 denique
1050 1562 1167 1621 restat?
1222 1564 1261 1621 70

275 1654 336 1716 Cui
349 1674 446 1731 nequo
460 1656 540 1733 apud
552 1655 678 1714 Danaos
688 1642 817 1731 unquam
832 1654 927 1726 locun,
943 1662 974 1714 et
987 1652 1079 1733 nuper
1092 1654 1148 1733 ipai

272 1748 457 1809 Dardanidae
469 1748 579 1807 insenei
592 1766 696 1827 poenaa
709 1766 778 1807 cum
789 1747 937 1827 aanguine
951 1756 1085 1825 poacunt.

247 1820 343 1911 *Quo
355 1843 470 1921 ‘gemitu
484 1843 623 1901 converri
636 1841 736 1913 animi,
751 1860 942 1921 compreaeua
956 1850 985 1900 et
999 1842 1094 1903 omnir

272 1936 415 2015 Impetus.
456 1936 623 1996 Hortamur
635 1936 703 2008 tari,
719 1956 779 2013 quo
791 1936 940 2015 sanguiue
958 1944 1069 2010 eratne,

273 2028 393 2096 Quidve
406 2030 482 2088 serat
495 2037 649 2101 memoret,
667 2049 734 2107 quea
747 2030 785 2088 ait
800 2030 910 2089 fiducie
924 2038 1021 2107 cepto.
1220 2032 1259 2089 'id

275 2122 343 2201 [lile
357 2123 434 2195 herc,
450 2122 587 2202 depositi
599 2124 719 2183 taudem
733 2122 900 2195 formidine,
915 2122 1029 2203 saturne]

310 2216 432 2276 Cuncta
443 2216 582 2294 equidem
594 2216 658 2289 tibi,
673 2236 737 2288 rex,
755 2216 843 2276 fuerit
858 2213 1076 2294 quodcumque,
1092 2214 1210 2277 fatebor

272 2308 365 2382 Vera,
382 2310 497 2386 iuquit:
519 2330 618 2387 neque
631 2328 680 2370 me
693 2308 840 2388 Argolici
853 2310 889 2367 de
904 2317 993 2387 gente
1007 2312 1126 2389 negabo
1139 2328 1148 2381 ;

272 2402 342 2462 Hoc
355 2404 481 2482 primum
495 2424 503 2474 ;
525 2424 594 2477 nec,
610 2403 790 2463 aimiearum
804 2403 923 2463 fortuna
936 2403 1077 2462 Sinonem

271 2494 382 2569 Finxit,
398 2516 506 2557 renum
520 2498 610 2557 etiam
623 2497 857 2573 mendacemque
871 2496 1006 2573 improbe
1019 2496 1120 2576 fingat.
1219 2500 1259 2557 80

271 2590 376 2649 Fando
390 2590 509 2667 atiquod
522 2591 548 2650 ai
562 2591 637 2651 sont
651 2598 720 2649 tuae
733 2588 868 2667 pervenit
882 2588 920 2647 ed
934 2608 1024 2649 aurae

271 2682 383 2743 Belidae
397 2702 504 2743 nomen
517 2684 698 2754 Palamedis,
713 2692 744 2741 et
757 2684 870 2759 inclyta
883 2681 964 2741 sami

271 2776 376 2836 Gloria
388 2796 396 2847 ;
420 2796 509 2855 quem
522 2774 600 2835 nini
613 2778 669 2835 eat>
683 2776 846 2854 proditione
860 2774 982 2854 Peteagi

272 2870 432 2943 insontem,
446 2868 569 2929 intendo
582 2869 702 2940 indicio,
717 2870 789 2946 quia
803 2869 882 2927 betta
895 2870 1026 2941 vetabet‚

269 2960 427 3023 Demisere
441 2963 510 3023 neci
523 2981 531 3033 3
554 2981 635 3021 nunc
648 2981 767 3021 caenum
781 2962 891 3021 lumine
906 2962 1030 3041 lugent:
1217 2964 1256 3023 85

271 3054 319 3116 Illi
332 3076 379 3115 me
393 3057 542 3129 comitem,
558 3063 588 3114 et
601 3056 861 3132 conaenguiniteta
875 3056 1082 3133 propinquum,

270 3148 391 3228 Pauper
403 3150 433 3208 in
447 3168 537 3208 erma
544 3157 632 3227 pater
645 3149 747 3227 primic
759 3148 818 3207 huc
832 3149 910 3207 miait
924 3151 962 3207 ab
977 3150 1072 3210 annia.
1098 3160 1105 3167 ’
1172 3150 1178 3190 t

269 3240 350 3301 Dum
363 3245 461 3302 stabat
473 3262 570 3321 regno
582 3242 749 3313 incotumie‚
765 3260 931 3319 regumque
944 3243 1065 3320 vigebat

271 3334 426 3409 Concitiie,
441 3345 472 3396 et
485 3356 540 3395 noe
553 3336 674 3413 aliquod
687 3354 855 3413 nomenque
869 3335 1022 3412 decusque

268 3426 435 3489 Geeaimus.
479 3428 595 3489 Invidia
610 3437 765 3507 poatquam
779 3428 902 3505 pellacia
916 3427 1036 3505 Uiyeeei
1215 3432 1255 3491 90

270 3519 379 3597 (Haud
391 3523 494 3601 ignota
507 3524 626 3599 loquor)
640 3522 758 3600 coperia
770 3522 919 3581 concessit
934 3523 971 3580 ab
984 3522 1055 3596 oria,
1162 3532 1165 3541 ’

268 3614 408 3674 Afflictua
421 3616 510 3675 vitem
523 3616 698 3674 intenebris
711 3614 854 3691 luctuque
868 3615 1033 3688 trahebam,

267 3706 309 3768 Et
324 3728 426 3767 cenum
440 3708 564 3767 insontia
576 3726 693 3766 mecum
706 3706 885 3785 indignabar
902 3708 998 3768 amici.

267 3800 335 3861 Nec
349 3802 430 3860 tacui
443 3801 565 3861 damen
578 3820 586 3872 3
610 3808 640 3860 et
653 3818 711 3871 me,
727 3800 788 3859 fora
802 3800 827 3858 ai
843 3818 900 3876 qua
914 3800 1042 3871 tulieaet,

268 3892 302 3953 Si
315 3894 426 3971 patrica
440 3912 571 3970 unquam
587 3891 769 3953 remeassem
784 3893 879 3950 victor
891 3890 930 3949 ed
944 3893 1054 3970 Argon,
1215 3898 1254 3955 95

267 3985 394 4045 Promisi
407 3987 533 4045 ultorem
546 4006 555 4055 ς
578 3995 609 4045 et
622 3985 721 4045 verbie
735 3984 803 4043 odie
817 4002 925 4061 aspera
938 3985 1025 4044 movi.

266 4076 351 4137 Hinc
363 4078 434 4137 mitri
447 4080 542 4157 prima
555 4079 626 4138 maii
638 4079 723 4137 tabee
736 4096 744 4147 3
768 4078 838 4136 hino
851 4096 969 4155 semper
981 4078 1108 4157 Utyeean

267 4169 450 4231 Criminibus
463 4180 579 4232 terrere
592 4172 701 4241 noria3
723 4172 793 4232 hinc
807 4190 950 4249 spargere
965 4192 1056 4232 vocer

266 4262 301 4321 In
315 4264 437 4342 vulgum
452 4266 618 4345 ambiguae,
634 4274 665 4323 et
679 4284 815 4342 querere
830 4265 968 4325 coneciua
982 4284 1075 4327 arma.

264 4356 332 4417 Nec
345 4359 492 4435 requierit
505 4360 595 4432 enim,
610 4361 706 4419 donec
720 4357 889 4419 Calchante
903 4360 1045 4422 minietro.
1069 4408 1076 4422 .
1100 4407 1107 4422 .
1131 4406 1138 4423 .
1197 4364 1253 4422 100
