3167 5234
349 566 406 625 1³0
633 558 659 605 r.
679 554 845 604 vinorum
868 554 1040 603 ursolus

347 698 503 761 Antandro
519 706 548 757 et
563 695 705 775 Pbrygioe
718 696 856 755 molimur
868 692 1017 754 montibus
1029 692 1104 763 Ida,

348 794 461 853 Incerti
476 792 535 870 qud
550 792 611 850 sata
624 790 732 861 lerant,
750 789 800 849 ubi
813 789 920 848 sistere
933 789 1020 847 detur
1033 805 1041 856 ;

349 886 622 963 contrahimusque
637 884 725 943 viros.
766 883 827 941 Vix
840 883 934 961 prima
946 881 1100 959 inceperat
1114 885 1216 951 eoos,

348 981 389 1041 Et
405 990 490 1059 pater
503 981 651 1039 Anchises
665 978 738 1037 dare
752 978 821 1037 satis
834 977 903 1035 vela
918 977 1043 1052 jubebat
1059 993 1067 1043 ;

348 1073 467 1134 Littora
481 1092 570 1150 quum
585 1072 687 1150 patrias
701 1072 871 1148 lacrymans
886 1078 1047 1147 portusque
1062 1066 1210 1143 relinquo,
1301 1066 1337 1124 10

348 1168 390 1227 Et
404 1187 535 1245 campos,
553 1160 602 1224 uhi
616 1166 709 1241 Troja
721 1166 796 1223 suit:
818 1164 898 1223 seror
911 1163 995 1221 exsul
1010 1162 1039 1220 in
1053 1162 1156 1231 altum,

351 1261 430 1321 Cum
444 1260 543 1331 sociis,
560 1268 699 1336 natoque,
714 1258 890 1328 Penatibus,
906 1264 936 1315 et
950 1254 1067 1333 magnis
1080 1254 1138 1314 dis.

388 1354 486 1411 Terra
501 1352 604 1430 procul
618 1352 711 1409 vastis
724 1351 833 1409 colitur
844 1349 995 1408 Mavortia
1008 1347 1132 1425 campis,

350 1446 486 1507 'lhraces
501 1453 596 1517 arant,
613 1446 677 1503 acri
692 1443 840 1520 quondam
852 1450 979 1519 regnata
992 1440 1135 1519 Lycurgo
1148 1457 1157 1509 3

349 1540 521 1619 Hospitium
537 1540 691 1616 antiquum
705 1538 817 1613 troja,
833 1538 967 1613 sociique
980 1535 1121 1606 Penates,
1301 1537 1337 1594 15

263 1620 268 1631 ¹
348 1632 432 1693 Dum
445 1634 563 1691 fortuna
578 1632 639 1691 suit.
685 1632 783 1689 Feror
796 1631 865 1702 huc,
882 1639 912 1688 et
925 1631 1024 1688 littore
1038 1648 1131 1688 curvo

349 1726 465 1786 Moenia
479 1726 573 1804 prima
586 1726 664 1796 loco,
680 1724 748 1783 t'atis
762 1725 918 1801 ingressus
930 1722 1061 1799 iniquis:

197 1792 243 1835 ὐ
252 1882 260 1906 ,,
350 1818 570 1895 AEneadasque
584 1836 651 1875 meo
664 1836 773 1877 nomen
786 1816 825 1874 de
837 1817 955 1876 nomine
969 1816 1061 1893 tingo.

83 1962 91 1991 ,
162 1933 165 1942 “
249 1919 262 1929 “
289 1924 294 1938 ”
317 1930 328 1943 ·’
391 1914 486 1971 Sacra
500 1912 635 1969 Dionaeae
649 1910 736 1969 matri
751 1909 885 1986 divisque
900 1910 1033 1967 ferebam

350 2004 533 2084 Auspicihus
548 2013 713 2081 coeptorum
727 2022 850 2081 operum
864 2022 872 2072 ;
896 2022 1065 2079 superoque
1079 2003 1222 2063 nitentem

352 2094 532 2159 Coelicoldm
546 2098 613 2175 regi
627 2099 795 2155 mactabam
808 2097 838 2154 in
852 2097 951 2154 littore
964 2105 1093 2155 taurum.

350 2191 443 2251 Forte
459 2191 512 2249 luit
530 2192 617 2267 juxti
630 2190 771 2261 tumulus,
789 2210 848 2267 quo
862 2208 975 2248 cornea
987 2208 1103 2249 summo

350 2284 503 2364 virgulta,
520 2292 549 2343 et
564 2284 664 2342 densis
679 2283 833 2341 hastilibus
847 2281 967 2341 horrida
980 2267 1104 2359 myrtus:

350 2378 478 2439 Accessi
490 2398 498 2447 ;
523 2376 706 2453 viridemque
721 2378 759 2435 ab
773 2377 863 2434 humo
877 2376 1046 2434 convellere
1060 2375 1166 2435 silvam

352 2470 499 2544 Conatus,
515 2472 606 2530 ramis
619 2479 753 2548 tegerem
767 2478 801 2527 ut
814 2470 1020 2529 frondentibus
1034 2488 1116 2541 aras,-

352 2565 546 2624 Horrendum
560 2574 589 2622 et
604 2564 683 2623 dictu
699 2564 786 2622 video
800 2564 935 2621 mirabile
949 2571 1122 2623 monstrum,

352 2658 382 2718 N
384 2678 443 2729 am,
460 2678 525 2735 quae
540 2658 634 2735 prima
647 2659 711 2717 solo
725 2658 820 2737 ruptis
834 2658 983 2716 radicibus
997 2660 1087 2716 arbos

351 2750 493 2822 Vellitur,
509 2751 579 2808 huic
594 2759 657 2809 atro
672 2752 825 2827 liquuntur
837 2751 985 2829 sanguine
998 2759 1102 2829 guttis,

352 2842 392 2903 Et
407 2852 518 2903 terram
532 2845 602 2902 taho
617 2845 775 2903 maculant.
818 2844 894 2903 Mihi
908 2845 1034 2922 frigidus
1047 2844 1152 2904 horror

353 2936 490 2994 Membra
506 2936 609 3013 quatit,
626 2937 803 3015 gelidusque
817 2938 876 2995 coit
889 2938 1044 2996 formidine
1059 2938 1191 3016 sanguis.

353 3029 474 3087 Rursus
488 3038 517 3087 et
533 3030 656 3087 alterius
670 3030 781 3089 lentum
794 3031 964 3089 convellere
979 3031 1076 3090 vimen
1113 3030 1116 3036 ’

354 3120 511 3198 lnsequor‚
528 3129 556 3179 et
571 3140 678 3181 causas
693 3124 810 3200 penitius
823 3132 939 3182 tentare
954 3124 1082 3183 latentes
1095 3144 1104 3194 ;

353 3216 429 3275 Ater
443 3223 472 3273 et
488 3214 610 3272 alterius
623 3216 758 3292 sequitur
772 3216 810 3273 de
824 3217 936 3275 cortice
949 3217 1082 3295 sanguis.

353 3296 451 3367 Multa
464 3329 586 3367 movens
601 3310 709 3382 animo,
725 3312 881 3387 Nymphas
897 3313 1064 3370 venerabar
1077 3320 1224 3390 agrestes,

354 3401 579 3479 Gradivumque
594 3412 717 3480 patrem,
734 3404 851 3463 Geticis
866 3405 915 3479 qui
930 3405 1068 3481 praesidet
1082 3406 1172 3478 arvis,

353 3495 426 3553 Ritd
441 3494 641 3555 secundarent
655 3497 746 3568 disus,
763 3516 910 3573 omenque
924 3497 1066 3557 levarent.

354 3588 459 3647 Tertia
473 3588 526 3645 sed
542 3598 697 3666 postquam
710 3590 823 3666 majore
837 3591 955 3649 hastilia
969 3592 1036 3650 nisu

354 3683 535 3761 Aggredior,
551 3684 737 3761 genibusque
752 3683 887 3743 adversm
901 3686 1037 3743 obluctor
1051 3704 1162 3758 arena),

357 3775 517 3853 (Eloquar,
535 3796 572 3833 an
587 3776 690 3835 sileam
705 3776 730 3855 ?)
753 3778 882 3855 gemitus
895 3778 1097 3853 lacrymabilis
1110 3778 1170 3837 imo

355 3869 483 3927 Auditur
497 3870 632 3940 tumulto,
649 3878 678 3928 et
693 3889 749 3929 vox
762 3870 879 3928 reddita
891 3870 986 3929 fertur
999 3872 1036 3929 ad
1051 3890 1161 3929 aures:

356 3960 437 4027 Quid
450 3962 600 4034 miserum,
617 3964 732 4034 AEuaa,
749 3963 890 4021 laceras?
915 3963 978 4039 jam
992 3983 1083 4041 parce
1097 3964 1213 4041 sepulto
1226 3982 1236 4034 ς

354 4054 453 4112 Parce
468 4054 531 4131 pias
546 4057 696 4115 scelerare
710 4075 825 4115 manus.
866 4056 895 4115 N
897 4078 936 4115 on
950 4076 997 4117 me
1010 4058 1064 4114 tibi
1077 4057 1172 4133 Troja

355 4147 522 4206 Externum
536 4149 612 4221 tulit,
629 4158 680 4207 aut
694 4170 784 4209 cruor
797 4150 847 4209 hio
860 4150 897 4208 de
910 4151 1009 4227 stipite
1023 4158 1133 4209 manat.

355 4240 429 4299 Heu
443 4243 449 4297 l
472 4241 542 4319 fuge
557 4242 695 4301 crudeles
708 4251 815 4315 terras,
831 4243 902 4321 suga
916 4244 999 4301 littus
1012 4262 1146 4303 avarum.

338 4411 340 4417 ἲ
355 4334 384 4395 N
387 4352 433 4392 am
447 4333 613 4413 Polydorus
627 4354 693 4411 ego.
736 4335 801 4394 Hic
814 4338 963 4395 confixum
977 4338 1077 4396 ferrea
1088 4337 1163 4396 texit
