3167 5234
563 547 742 597 finntuos
762 548 832 596 ua.
849 549 882 596 V.

225 688 351 749 lrriaarn
363 686 429 745 aine
442 685 556 747 honore
569 694 666 747 ratem
678 688 839 765 Sergestus
853 688 970 765 agebat.

227 782 335 851 Qualia
348 780 429 858 rape
443 781 500 839 viee
513 779 678 857 deprenaua
690 781 723 841 in
735 800 850 859 aggere
864 800 999 859 serpena,

226 877 324 939 Erea
338 896 426 955 quem
439 876 592 963 obliquum
604 885 672 937 rota
683 878 812 949 transiit,
828 886 879 937 aut
892 878 994 956 grevia
1008 876 1069 937 ictu

225 973 414 1032 Seminecem
427 971 514 1047 liquit
526 990 600 1029 eaxo
612 972 805 1047 lacerumque
820 972 925 1043 viator,
1154 974 1213 1031 075

225 1066 437 1144 Nequidquam
449 1066 558 1144 longor
570 1066 689 1143 lugiens
702 1067 754 1126 dat
766 1085 893 1145 corpore
907 1075 1002 1130 tortus
1015 1086 1024 1137 ς

224 1163 318 1223 Parte
331 1164 425 1233 ferox,
442 1161 610 1239 mdenaqae
623 1163 729 1234 oculie,
745 1171 775 1222 et
789 1163 877 1225 sibila
891 1163 970 1224 colla

225 1257 348 1317 Arduus
362 1257 522 1325 attollene3
546 1276 617 1334 para
630 1257 753 1317 volnere
767 1258 877 1321 clauda
890 1264 1020 1321 retentat

225 1351 254 1410 N
255 1358 393 1409 exantem
407 1350 502 1422 nodie,
518 1370 612 1427 seque
625 1350 656 1409 ia
669 1369 725 1409 aua
738 1352 871 1410 membru
885 1352 1054 1429 plicantem.
1223 1407 1233 1421 .,

224 1444 294 1503 Tui
307 1444 433 1522 remigio
444 1444 578 1502 novicae
591 1444 679 1503 tarda
692 1445 851 1514 movebat;
1153 1446 1213 1508 280

224 1538 305 1597 Vela
317 1538 389 1597 facit
401 1546 512 1610 tamen,
527 1548 558 1597 et
571 1538 647 1597 velie
660 1538 738 1597 cubit
753 1538 831 1597 oatia
844 1538 949 1615 plenia.

226 1632 399 1711 Sergestum
411 1632 533 1691 AEneaa
546 1632 691 1709 promieao
704 1651 827 1691 munere
842 1632 942 1705 donat,

226 1726 381 1784 Servatam
394 1726 432 1783 ob
447 1743 554 1784 navem
567 1724 654 1783 letus
667 1725 826 1801 eocioaque
840 1724 991 1787 reductor.

225 1818 285 1879 Olli
297 1838 387 1877 aerea
400 1818 498 1889 datur,
514 1836 637 1895 operum
650 1818 730 1877 haud
744 1820 852 1896 ignara
866 1818 1024 1891 Minervae,

224 1910 339 1974 Greeea
351 1930 458 1991 genua,
472 1911 597 1983 Pholoe,
610 1912 781 1991 geminique
795 1915 851 1973 aub
866 1915 959 1975 ubere
973 1912 1044 1975 nati.
1150 1915 1210 1978 aab

261 2004 334 2064 Hoc
348 2005 414 2083 piua
426 2004 546 2065 AEneaa
558 2006 651 2066 miano
663 2006 828 2064 certamine
842 2006 936 2065 tendit

224 2098 419 2159 Gramineurn
430 2098 462 2157 in
474 2117 623 2176 campum,
640 2116 728 2174 quem
742 2098 870 2157 collibus
883 2098 1015 2177 undique
1029 2100 1130 2163 curvis

225 2190 395 2270 cingebant
409 2191 492 2251 ailam
507 2209 516 2260 3
539 2188 698 2267 metitque
712 2191 743 2249 in
756 2192 835 2249 valle
847 2192 957 2251 theatri

224 2283 334 2344 Circae
346 2291 423 2355 erat,
439 2283 499 2360 qud
512 2302 546 2341 ae
559 2284 660 2343 multia
672 2303 741 2341 cum
759 2284 888 2343 millibus
901 2285 991 2345 heroa

222 2375 377 2439 cenaene
393 2376 522 2435 medium
535 2376 613 2448 tulit,
629 2384 842 2453 exstructoque
856 2378 976 2439 resedit.
1150 2383 1210 2441 280

221 2469 295 2541 Hic,
312 2470 364 2546 qni
377 2469 452 2529 sorte
467 2470 557 2528 velint
572 2470 675 2548 rapido
687 2471 869 2529 contendere
884 2491 986 2543 cursu,

221 2563 330 2623 lnvitat
343 2563 447 2643 pretiia
460 2563 585 2635 animoa,
601 2570 631 2622 et
645 2564 767 2641 praemia
780 2564 871 2641 ponit.

220 2658 358 2735 Undique
372 2659 553 2717 conveniunt
566 2658 690 2730 Teucri,
705 2659 848 2735 mixtique
863 2660 985 2721 Sicani:

184 2768 188 2773 “
221 2753 313 2812 Nieue
326 2760 357 2811 ct
370 2752 522 2829 Euryalus
535 2752 621 2829 primi
635 2772 643 2821 ;

218 2846 373 2923 Euryalus
385 2844 481 2906 sormi
494 2845 620 2923 insignia
633 2846 778 2923 viridique
795 2846 931 2924 juventii,
1148 2853 1208 2913 296

219 2938 314 2999 Niaoe
327 2958 428 2998 amore
442 2940 491 3017 pio
505 2938 591 3016 pueri
604 2959 613 3008 ;
637 2958 713 3015 quoe
724 2940 832 2999 deinde
846 2948 970 3001 secutus

219 3032 336 3110 Regiua
348 3031 475 3110 egregii
487 3031 598 3092 Priami
612 3032 650 3091 de
663 3034 756 3110 atirpe
769 3034 882 3093 Diores
896 3054 903 3093 ε

218 3122 311 3183 Hunc
326 3124 436 3196 Salina,
451 3125 539 3184 Amul
552 3134 583 3183 et
596 3125 709 3185 Patron
722 3147 730 3196 3
756 3146 881 3203 quorum
895 3128 973 3188 alter
985 3126 1141 3205 Acarnan,

218 3218 304 3275 Alter
317 3219 356 3277 ab
371 3217 504 3277 Arcadio
516 3218 658 3295 Tegeaee
672 3221 819 3297 sanguine
833 3222 932 3299 gentis
946 3241 953 3281 :

216 3309 295 3371 Tam
309 3310 369 3369 duo
381 3311 532 3369 Trinacrii
547 3312 687 3387 juvence,
703 3313 853 3390 Helymus
866 3314 1075 3394 Panopeaque,
1147 3320 1207 3379 ³00

217 3403 340 3461 Aaaueti
354 3404 447 3475 silvie,
463 3405 589 3463 comitea
601 3407 728 3465 aeniorie
742 3406 864 3467 Acestae
881 3427 887 3465 :

217 3495 306 3555 Multi
321 3506 477 3575 praterea,
494 3518 570 3574 quoa
583 3499 663 3557 sama
676 3500 806 3558 obscura
823 3500 968 3561 recondit.

215 3590 339 3649 AEneae
353 3591 460 3667 quibua
474 3592 504 3649 in
518 3592 624 3651 mediie
636 3593 680 3651 aie
694 3593 801 3650 deinde
815 3594 954 3653 loeutus:

257 3683 395 3763 Accipite
408 3684 473 3743 haec
487 3686 605 3757 animia,
621 3686 765 3763 laetaaque
778 3677 924 3747 advertite
939 3693 1064 3749 menter.

215 3775 315 3839 Nemo
329 3796 366 3835 ex
379 3778 437 3838 hoc
450 3798 574 3837 numero
587 3780 659 3839 mihi
671 3799 730 3840 non
744 3780 872 3840 donatus
886 3780 987 3841 abibit.
1145 3784 1206 3845 800

216 3868 332 3929 Gnoaia
347 3871 418 3930 bina
431 3872 509 3931 dabo
521 3873 621 3932 levato
634 3873 735 3931 lucida
748 3873 828 3931 ferro

217 3962 348 4039 Spicula,
365 3964 562 4041 celatamque
575 3974 701 4043 argento
715 3966 793 4025 ferre
808 3966 986 4044 bipennem:

216 4052 361 4115 Omnibus
374 4057 424 4117 hie
436 4059 493 4117 erit
507 4078 583 4118 unua
597 4059 700 4119 honos.
743 4058 822 4119 'lber
836 4060 958 4136 praemia
970 4060 1056 4140 primi

214 4148 384 4226 Accipient,
400 4148 538 4229 flavique
552 4160 642 4230 caput
655 4160 814 4211 nectentur
828 4152 915 4213 olivi.

212 4240 332 4303 Primae
345 4264 457 4321 equam
471 4248 602 4324 phaleris
615 4248 763 4325 insignem
776 4248 872 4309 victor
885 4249 1004 4313 habeto.
1144 4256 1204 4315 310

213 4335 301 4395 Alter
313 4338 511 4397 Amazoniam
525 4342 706 4418 pharetram,
722 4335 900 4421 plenamque
914 4345 1032 4425 eagittln

493 4436 529 4491 15
542 4436 560 4473 ⁴
