3167 5234
398 550 453 608 194
680 543 707 589 P.
728 542 895 589 Vlllfllbll
918 542 1090 591 Minonis

394 684 434 742 At
452 683 519 761 pius
531 682 654 741 AEneas
671 682 785 760 ingenti
806 681 882 741 mola
897 681 1069 759 sepulerum

395 774 533 854 lmponit,
549 794 665 853 suaque
680 794 763 835 arma
776 776 850 846 viro,
865 794 1052 851 remumque,
1067 775 1241 849 tubamque,

393 871 498 929 Monte
512 874 568 932 suh
582 872 686 943 udrio;
710 872 760 947 qui
778 891 858 931 nunc
872 871 1008 929 Misenum
1022 872 1060 929 ab
1075 870 1127 929 illo
1561 932 1562 935 Ἴ

394 966 525 1038 Dicitur,
541 976 745 1043 aeternumque
759 974 841 1025 tenet
856 986 909 1043 per
922 966 1035 1025 sucula
1049 983 1165 1025 nomeu.
1320 968 1382 1027 235

434 1060 495 1119 His
509 1061 596 1131 actis,
612 1060 738 1139 propere
752 1061 928 1135 exsequitur
942 1066 1094 1136 precepta
1108 1056 1241 1135 Sibyllae.

396 1154 547 1232 Spelunca
560 1155 622 1213 alta
638 1154 704 1224 suit,
719 1161 864 1228 vastoque
879 1152 1014 1211 immanis
1028 1152 1122 1219 biatu,

396 1247 542 1324 Scrupea,
555 1256 620 1306 tuta
634 1247 705 1305 lecu
717 1247 805 1324 nigro
820 1264 1034 1321 nemorumque
1047 1244 1190 1317 tenebris,

396 1340 497 1409 Garum
510 1362 601 1420 super
614 1343 694 1401 haud
713 1343 780 1401 ullae
795 1350 931 1419 poteraut
945 1340 1063 1417 inpune
1077 1340 1213 1399 volantes

394 1434 535 1495 ‘Pendere
549 1437 607 1494 iter
620 1436 725 1513 pennis
741 1455 750 1505 ;
771 1436 841 1493 talis
854 1453 921 1493 sese
935 1434 1045 1493 halitus
1059 1433 1133 1491 atris
1322 1436 1383 1495 240

394 1528 549 1587 Faucibus
563 1529 721 1588 effundens
734 1546 845 1606 supera
858 1527 896 1585 ad
911 1546 1045 1587 convexa
1059 1527 1173 1585 serebat
1186 1544 1195 1597 ;

398 1620 499 1700 [Unde
512 1623 611 1681 locum
623 1623 710 1681 Graii
723 1623 860 1681 dixerunt
874 1621 992 1681 nomine
1005 1618 1154 1698 nomon]

392 1714 535 1782 Quatuor
548 1714 598 1774 hic
612 1715 737 1793 primitia
750 1715 905 1792 nigrantes
918 1722 1005 1792 terga
1022 1712 1170 1789 juvencos

397 1808 571 1880 Constituit,
587 1809 736 1885 frontique
751 1806 879 1885 invergit
893 1807 963 1865 vina
975 1806 1137 1867 sacerdos:

396 1902 449 1973 nt,
465 1921 596 1960 summas
611 1921 741 1979 carpens
754 1901 853 1959 media
867 1900 944 1959 inter
958 1908 1176 1973 cornua-setas,
1321 1900 1382 1961 aab

326 1980 336 1992 ⁸
397 1994 522 2072 Ignibus
536 1995 660 2072 imponit
672 1995 778 2065 sacris,
795 1994 935 2053 libamina
948 1994 1053 2071 prima,

396 2086 483 2147 Voce
498 2108 610 2147 vocans
623 2088 776 2159 Hecaten,
792 2087 930 2164 eoeloque
945 2086 1107 2163 Ereboque
1123 2093 1283 2164 potentem.

397 2182 573 2259 Supponunt
586 2182 637 2241 alii
651 2182 775 2252 cultros,
789 2181 982 2257 tepidumque
996 2198 1134 2239 cruorem

397 2274 569 2352 Suscipiunt
583 2275 704 2353 pateris.
746 2274 816 2351 Ipse
831 2275 888 2333 atri
902 2273 1023 2333 velleris
1038 2293 1148 2352 agnam

395 2366 517 2427 AEnees
530 2368 618 2427 matri
630 2368 843 2439 Eumenidum,
858 2386 1036 2445 magnaeque
1051 2368 1157 2437 sorori,
1323 2368 1384 2427 250

395 2460 480 2519 Ense
494 2461 584 2532 ferit3
608 2461 800 2537 sterilemque
818 2462 882 2533 tibi,
898 2462 1089 2539 Proserpina,
1105 2479 1238 2521 vaccam.

396 2552 476 2613 Tum
490 2555 594 2633 Stygio
607 2554 673 2633 regi
686 2564 850 2613 nocturnas
867 2555 985 2615 inchoat
1000 2574 1081 2625 aras,

395 2646 436 2705 Et
450 2648 546 2705 solida
558 2648 680 2725 imponit
693 2656 849 2707 taurorum
861 2648 979 2707 viscera
993 2648 1129 2721 flammis,

395 2739 514 2819 Pingue
527 2741 618 2818 super
631 2741 729 2799 oleum
746 2741 905 2801 infundens
919 2740 1092 2800 ardentibus
1107 2740 1193 2801 extis.

435 2834 519 2893 Ecce
534 2842 644 2905 autem,
661 2834 746 2911 primi
759 2837 815 2893 suh
831 2835 942 2893 lumina
956 2836 1028 2893 solis
1041 2843 1071 2893 et
1085 2842 1178 2907 ortus,
1324 2835 1384 2895 256

396 2928 458 2985 Sub
474 2927 598 3004 pedibus
613 2927 730 3005 mugire
744 2929 852 3000 solum,
868 2936 898 2985 et
914 2928 991 3005 juga
1004 2936 1105 3005 coepta
1118 2926 1231 2987 moveri

396 3020 556 3093 Silvarum,
571 3020 703 3096 visasque
718 3041 811 3108 canes
825 3022 940 3081 ululare
955 3042 1009 3099 per
1023 3024 1167 3093 umbram,

395 3112 585 3171 Adventante
599 3112 667 3173 det.
711 3112 831 3186 Procul,
848 3134 876 3187 o,
894 3117 996 3192 procul
1016 3123 1090 3188 este,
1106 3114 1233 3193 profani,

396 3206 573 3267 Conclamat
587 3215 683 3279 vates,
699 3216 821 3285 totoque
837 3209 970 3268 absistite
988 3209 1066 3269 luco.

394 3301 504 3377 ‘Ibique
523 3301 629 3360 invade
644 3302 732 3372 viam,
750 3301 920 3379 vagindque
933 3302 1017 3380 eripe
1031 3304 1163 3362 serrum:
1323 3302 1384 3361 960

395 3395 485 3454 Nunc
501 3396 606 3453 animis
624 3416 708 3474 opus,
722 3397 839 3468 AEnea,
856 3416 935 3455 nunc
950 3406 1070 3474 pectore
1089 3397 1184 3457 firme.

395 3488 525 3547 Tantum
544 3489 646 3561 effata,
662 3490 765 3549 furens
778 3499 864 3548 antro
878 3508 911 3549 aa
925 3491 1044 3550 immisit
1058 3498 1162 3568 aperto
1177 3508 1184 3547 :

215 3596 219 3603 ·
303 3575 309 3591 “
395 3580 451 3640 Ille
465 3580 571 3640 ducem
586 3580 665 3641 haud
678 3583 787 3641 timidis
802 3583 957 3641 vadentem
973 3585 1111 3661 passibus
1125 3590 1234 3660 aequat.

434 3675 488 3746 Di,
505 3677 612 3753 quibus
627 3677 782 3753 imperium
796 3686 842 3735 est
856 3678 1031 3749 animarum,
1048 3677 1230 3753 Umbrtequa
1244 3674 1377 3747 silentes,

393 3768 435 3831 Et
450 3769 564 3841 Chaos,
581 3778 610 3827 et
624 3769 823 3847 Phlegethon,
840 3770 907 3829 loca
920 3778 1008 3829 nocte
1022 3771 1154 3829 tacentia
1167 3768 1240 3843 istd,
1323 3769 1384 3827 266

395 3863 440 3921 Sit
454 3863 524 3921 mihi
538 3863 583 3921 las
597 3862 698 3922 audita
711 3864 804 3941 loqui,
820 3864 858 3923 sit
871 3864 991 3923 numine
1006 3873 1106 3924 vestro

394 3954 533 4014 Pandere
547 3975 597 4015 res
610 3956 673 4015 sitia
686 3956 769 4017 tent
781 3966 812 4015 et
826 3957 954 4036 cdigine
969 3976 1094 4017 mersas.

395 4048 483 4106 Ibant
496 4049 617 4108 obscuri
634 4048 701 4109 sold
713 4053 770 4109 sub
783 4058 871 4110 nocte
886 4070 940 4128 per
953 4052 1100 4122 umbram,

393 4141 514 4217 Perque
528 4143 630 4201 domos
643 4144 723 4202 Ditis
737 4164 849 4203 vacuas
864 4152 893 4203 et
907 4145 1008 4205 inania
1022 4162 1126 4223 regna.

395 4233 495 4303 Quale
510 4237 721 4312 perincertum
735 4239 835 4296 lunam
853 4240 909 4297 sub
923 4238 991 4297 luce
1005 4236 1139 4316 malignis
1322 4235 1385 4293 270

394 4326 451 4387 Est
464 4328 522 4387 iter
534 4329 564 4387 in
578 4329 671 4403 silvis,
686 4332 737 4391 ubi
750 4332 861 4391 coelum
875 4332 1005 4393 condidit
1019 4330 1127 4393 umbrat
