3167 5234
383 564 441 621 ω
667 558 694 604 Ρ.
713 554 880 601 vutctbu
903 552 1074 602 Minonts

382 696 504 757 Ludere
517 692 681 774 pendentes
694 712 813 772 pueros,
829 702 858 751 et
872 695 1004 753 lambere
1017 700 1143 752 matrem

384 792 552 871 impavidos
565 810 574 860 ;
597 791 679 849 illam
691 791 778 848 tereti
791 790 911 848 cervice
925 790 1066 849 reflexam

384 884 521 943 Mulcere
536 884 677 954 alternos,
691 892 723 941 et
736 902 864 961 corpora
877 884 991 961 lingere
1007 880 1121 961 lingui.

384 977 452 1038 Nec
466 978 569 1056 procul
583 977 652 1035 hinc
665 977 805 1047 Romam,
821 983 851 1033 ct
865 985 965 1053 raptas
978 976 1042 1033 sine
1057 991 1139 1033 more
1153 972 1282 1035 Sabinis
1306 976 1365 1035 685

385 1070 541 1131 Consesn
554 1088 666 1141 cavae,
682 1068 799 1148 maguis
814 1069 1009 1128 Circensibus
1024 1069 1108 1140 actis,

384 1165 548 1225 Addiderat
560 1184 568 1233 ;
592 1162 751 1239 subitdque
765 1180 874 1221 novum
888 1180 1071 1239 consurgere
1086 1160 1197 1221 bellum

256 1312 261 1321 .
384 1258 561 1330 Romulidis,
576 1257 726 1333 Tatioque
740 1255 816 1327 seui,
833 1255 1023 1331 Curibusque
1038 1254 1160 1313 severis.

384 1350 457 1409 Pdst
471 1350 560 1421 idem,
576 1350 654 1408 inter
667 1368 701 1407 se
715 1350 812 1426 posito
825 1349 998 1418 certamine,
1014 1366 1103 1425 reges

384 1444 502 1501 Armati
515 1443 600 1501 Jovis
615 1450 684 1501 aute
698 1461 791 1513 mam,
809 1449 987 1520 paterasque
1001 1449 1148 1513 tenentes,
1306 1442 1366 1499 sto

385 1536 520 1607 Stabant,
537 1544 567 1593 et
580 1535 663 1594 caesa
671 1536 838 1613 jungebant
853 1535 967 1593 studere
982 1532 1083 1611 porcis.

384 1628 478 1687 Haud
492 1630 595 1705 procul
609 1628 688 1699 inde,
704 1628 771 1687 citae
785 1627 901 1685 Melum
915 1628 943 1685 iu
958 1627 1076 1685 diversa
1091 1624 1244 1707 quadriga

384 1720 583 1793 Distuleraut,
600 1722 644 1798 (at
656 1730 688 1778 tu
702 1721 800 1791 dictis,
817 1721 945 1791 Albane,
961 1738 1099 1778 maneres
1111 1720 1135 1798 l)

385 1814 596 1892 Raptabatque
610 1815 666 1873 viri
678 1814 831 1872 mendacis
845 1815 962 1871 viscera
975 1814 1082 1872 Tullus

384 1905 446 1965 Per
459 1908 572 1979 silvam,
589 1915 618 1966 et
632 1908 728 1984 sparsi
742 1909 885 1965 rorabant
899 1908 1043 1984 sanguine
1059 1924 1174 1982 vepres.

386 2000 415 2061 N
418 2021 453 2060 ec
466 2021 526 2060 non
538 2002 735 2078 Tarquinium
749 2002 877 2077 ejectum
890 2001 1024 2059 Porsena
1033 2002 1158 2079 jubebat

386 2093 548 2173 Accipere,
563 2096 735 2173 ingentique
749 2098 854 2153 urbem
869 2096 1020 2153 obsidione
1036 2096 1209 2171 premebatt
1246 2084 1248 2089 ⁵

385 2188 536 2248 AEueadae
550 2190 580 2246 iu
593 2189 703 2247 semum
717 2207 770 2266 pro
784 2188 921 2246 libertate
936 2190 1071 2246 ruebant.

387 2282 473 2341 Illum
488 2281 651 2361 indignanti
664 2282 800 2352 similem,
817 2281 1001 2357 similemque
1016 2280 1137 2339 minanti

385 2374 578 2452 Adspiceres‚
594 2366 714 2453 pontem
727 2375 851 2433 auderet
867 2374 944 2450 qudd
959 2376 1069 2432 vellere
1084 2373 1206 2445 Cocles,
1310 2374 1371 2432 650

385 2468 426 2526 Et
440 2468 560 2527 fluvium
575 2469 680 2527 vinclis
693 2470 811 2527 innaret
826 2467 936 2527 Cloelia
949 2468 1051 2545 ruptis.

386 2560 422 2619 ln
436 2580 550 2620 summo
563 2571 664 2620 conos
677 2561 817 2639 Tarpeiae
831 2558 963 2620 Manlius
976 2560 1055 2617 arcis

386 2654 490 2713 Stabat
503 2675 556 2732 pro
568 2656 689 2732 templo,
705 2664 735 2712 et
750 2655 900 2731 Capitolia
916 2656 999 2712 celsa
1011 2656 1142 2724 tenebat,

389 2746 610 2825 [Romuleoque
624 2766 732 2805 recens
744 2748 886 2805 horrebat
899 2748 984 2825 regia
998 2744 1121 2824 culmo]
1239 2752 1245 2777 ²

386 2838 487 2914 Atque
502 2838 552 2897 hic
566 2841 677 2898 auratis
691 2841 819 2897 volitans
834 2850 996 2918 argenteus
1010 2858 1099 2897 anser

385 2929 564 3002 Porticibus,
581 2932 686 2990 Gallos
699 2933 729 2989 iu
743 2932 843 2991 limine
859 2933 975 3004 adesse,
992 2934 1139 2998 canebat;

386 3022 468 3081 Galli
482 3043 535 3100 per
548 3024 652 3082 dumos
667 3024 802 3095 aderant,
818 3044 978 3103 arcemque
993 3028 1143 3096 tenebant,

386 3117 514 3177 Defensi
526 3120 658 3177 tenebris
670 3128 700 3176 et
713 3120 790 3178 dono
804 3122 899 3180 noctis
913 3140 1024 3195 opacae.

386 3211 490 3270 Aurea
504 3212 644 3269 cesaries
658 3212 734 3284 ollis,
750 3221 841 3289 atque
856 3232 946 3272 aurea
964 3215 1074 3284 vestis3

385 3304 521 3383 Virgatis
535 3306 636 3364 lucent
649 3307 781 3383 sagulis3
805 3316 866 3365 tum
882 3310 979 3367 lactea
999 3310 1076 3366 colla

385 3399 470 3458 Auro
485 3399 695 3469 innectuntur;
720 3400 779 3459 duo
796 3402 921 3478 quisque
936 3403 1044 3479 Alpina
1058 3408 1219 3460 coruscant

386 3492 480 3551 Gaesa
494 3512 593 3563 mnu,
609 3493 702 3551 scutis
716 3495 841 3571 protecti
856 3514 982 3573 corpora
996 3496 1103 3573 longis.

387 3583 450 3642 Hic
465 3586 647 3644 exsultantes
662 3585 769 3658 Salios,
785 3588 940 3664 nudosque
953 3588 1120 3665 Lupercos,

385 3677 615 3757 Lanigerosque
630 3679 741 3756 apices,
757 3690 787 3737 et
801 3681 886 3759 lapsa
900 3681 1010 3739 ancilia
1024 3682 1103 3739 coelo

386 3772 553 3832 Extudcrat
569 3792 576 3830 :
599 3782 692 3832 castas
705 3774 855 3833 ducebant
869 3796 958 3833 sacra
971 3794 1023 3854 per
1035 3777 1141 3835 urbem

386 3865 512 3925 Pilentis
525 3876 634 3925 matres
648 3868 678 3926 iu
690 3867 837 3927 mollibus.
879 3870 962 3928 Hinc
976 3871 1079 3947 procul
1094 3868 1174 3929 addit

386 3958 552 4017 Tartareas
566 3960 655 4018 etiam
670 3961 768 4033 sedes,
785 3962 846 4020 alta
859 3964 935 4021 ostia
949 3964 1029 4022 Ditis
1045 3983 1052 4033 ;

386 4050 428 4109 Et
442 4053 589 4111 scelerum
604 4074 717 4131 prenae,
734 4063 763 4114 ct
776 4064 818 4128 te,
836 4056 979 4128 Catilina,
994 4057 1103 4116 minaci

387 4144 570 4204 Pendentem
583 4150 717 4226 scopulo,
732 4150 951 4228 Furiarumque
966 4170 1018 4209 ora
1031 4159 1207 4212 trementem
1219 4170 1229 4222 ς

389 4238 588 4315 Secretusque
603 4242 677 4317 pios,
693 4242 740 4301 his
753 4244 872 4301 dantem
883 4245 953 4320 jura
968 4244 1124 4305 Catonem.

388 4329 468 4389 Haec
480 4331 557 4389 inter
568 4334 672 4393 tumidi
685 4334 744 4394 late
759 4336 851 4395 maris
865 4338 925 4395 ibat
940 4338 1038 4416 imago
