3167 5234
363 507 423 568 ως
647 501 674 548 r.
697 500 864 548 vrncmrr
887 499 1061 549 unnonrs

363 643 432 702 Nec
446 659 623 718 quemquam
637 639 751 700 incuso.
793 641 895 702 Potuit
908 660 977 718 que
991 639 1118 717 plurima
1131 637 1226 700 rinus

363 737 453 807 Esse,
470 734 532 795 suit.
573 735 652 792 Toto
667 743 813 794 certatum
827 745 872 794 cst
885 737 1014 812 'corpore
1028 735 1122 811 regni.

363 831 392 890 N
395 849 454 888 unc
468 829 556 902 adeb,
574 849 639 906 quae
655 827 692 886 sit
706 828 804 888 dubiae
818 829 967 888 sententia
980 829 1082 900 menti,

254 909 257 920 ¹
363 923 540 1001 Expediom,
558 930 587 981 et
601 925 716 999 paucis,
732 923 848 981 animos
862 922 1011 992 adhibete,
1028 922 1153 980 docebo.
1294 923 1354 980 stc

362 1017 420 1078 Est
434 1017 574 1095 antiquus
588 1035 663 1096 ager
675 1016 778 1074 Tusco
792 1016 863 1075 mibi
877 1016 1026 1092 proximus
1040 1015 1131 1086 amni,

362 1110 489 1189 Longus
504 1111 533 1168 in
547 1129 699 1182 occasum,
715 1110 791 1168 fines
805 1127 896 1188 super
909 1127 1005 1186 usque
1018 1110 1146 1169 Sicanos
1159 1128 1166 1166 :

363 1205 501 1264 Aurunci
513 1205 679 1281 Rutulique
693 1212 808 1275 serunt,
824 1212 854 1261 et
868 1222 989 1262 vomere
1002 1203 1093 1261 duros

363 1299 517 1357 Exercent
531 1299 635 1370 colles,
652 1307 745 1383 atque
757 1299 863 1356 borum
877 1298 1040 1374 asperrima
1056 1305 1193 1374 pescant.

363 1391 444 1452 Haec
457 1392 553 1450 omnis
566 1393 661 1470 regio,
678 1401 707 1450 et
722 1392 796 1450 celsi
812 1393 901 1469 plaga
915 1391 1003 1468 pinea
1016 1391 1134 1463 montis,
1292 1393 1354 1450 820

364 1485 463 1546 Cedat
478 1486 615 1544 amicitiae
629 1485 818 1544 Teucrorum
834 1505 842 1555 ;
865 1493 896 1543 et
910 1484 1031 1544 loederis
1045 1483 1148 1560 aequas

363 1578 511 1639 Dicamus
524 1580 619 1657 leges,
637 1580 795 1656 sociosque
809 1579 839 1637 in
852 1598 947 1656 regna
961 1595 1123 1654 vocemus:

365 1672 543 1745 Considunt,
559 1673 585 1730 si
598 1681 698 1731 tantus
713 1691 806 1744 amor,
822 1682 853 1730 et
866 1672 977 1732 moenie
989 1671 1129 1731 condant.

364 1751 417 1826 Sin
432 1767 508 1826 alios
522 1768 597 1825 fines
612 1767 762 1844 aliamque
777 1785 938 1844 capessere
957 1775 1078 1844 gentem

363 1863 420 1922 un
435 1863 561 1934 animus,
577 1871 763 1941 poscuntque
777 1863 842 1920 solo
855 1862 1003 1920 decedere
1015 1870 1139 1931 nostro3
1295 1865 1354 1921 825

363 1957 417 2015 Bis
431 1949 524 2014 denas
538 1956 617 2015 Italo
630 1965 766 2015 texamus
781 1959 889 2014 robore
902 1975 1006 2027 naves,

364 2052 425 2109 Seu
442 2051 542 2128 plures
557 2052 706 2128 complere
722 2051 840 2108 valent:
859 2050 942 2126 jacet
955 2049 1052 2109 omnis
1064 2049 1103 2107 ad
1118 2049 1229 2117 undam

363 2142 510 2202 Materies
526 2162 534 2214 ;
558 2144 614 2221 ipsi
628 2163 844 2220 numerumque
858 2143 1036 2220 modumque
1050 2144 1162 2203 carinis

362 2238 544 2316 Praecipiant
559 2258 567 2309 ;
591 2259 646 2298 nos
661 2258 733 2310 sera,
750 2258 866 2311 manus,
882 2241 999 2297 naralia
1013 2239 1127 2296 demus.

363 2331 529 2406 Praeterea,
545 2333 596 2410 qui
610 2332 690 2392 dicta
704 2333 811 2404 ferent,
828 2342 858 2391 et
873 2333 988 2392 foedera
1005 2333 1133 2405 firment,
1198 2357 1202 2365 ’
1294 2335 1355 2392 080

364 2424 495 2485 Centum
510 2436 645 2487 oratores
659 2426 755 2505 primii
769 2428 805 2486 de
820 2438 910 2503 gente
923 2427 1050 2485 Latinos

244 2569 254 2581 .
365 2519 413 2577 lre
429 2521 537 2598 placet,
554 2523 697 2598 pacisque
710 2539 801 2579 manu
815 2521 1000 2598 pretendere
1014 2539 1136 2590 ramos;

363 2612 493 2673 Munera
508 2625 660 2693 portantes
675 2617 800 2692 aurique
816 2616 977 2691 eborisque
989 2617 1115 2686 talenta,

363 2707 404 2766 Et
419 2709 523 2766 sellem
538 2710 623 2786 regni
636 2713 831 2786 trabeamque
846 2709 975 2786 insignia
993 2709 1096 2767 nostri.

365 2799 523 2861 Consulite
538 2802 567 2861 in
582 2803 720 2874 medium,
736 2813 766 2861 et
780 2805 872 2862 rebus
885 2803 1053 2861 succurrite
1067 2801 1165 2860 fessis.
1297 2803 1365 2869 330,

404 2895 482 2952 Tum
496 2895 636 2954 Drances
651 2896 727 2954 idem
743 2895 887 2966 infensus,
905 2915 993 2972 quem
1006 2895 1104 2972 gloria
1116 2895 1214 2954 Turul

364 2985 497 3063 obliquat
512 2987 623 3048 invidis
636 2991 822 3066 stimulisque
837 2990 970 3068 agitabat
985 2989 1106 3059 amaris,

364 3080 485 3159 Largus
499 3101 597 3159 opum,
614 3093 643 3140 et
657 3081 761 3161 linguss
774 3084 889 3154 melior,
905 3083 958 3140 sed
973 3083 1083 3160 frigida
1094 3082 1175 3142 bello

363 3173 512 3246 Dextera,
528 3176 662 3234 consiliis
677 3177 796 3235 hcbitus
809 3197 869 3236 non
882 3177 974 3234 futilis
988 3185 1104 3248 auctor,

365 3267 517 3328 Seditione
533 3279 638 3346 potens
651 3289 659 3338 3
683 3289 779 3348 genus
793 3272 864 3330 huic
877 3280 1014 3330 materna
1027 3272 1188 3348 superbum
1296 3273 1357 3332 840

365 3361 515 3422 Nobilitas
531 3363 630 3433 debat,
647 3367 795 3423 incertum
809 3366 847 3424 de
867 3373 952 3442 patre
967 3364 1082 3422 ferebat
1096 3384 1105 3433 ;

365 3456 478 3534 Surgit,
495 3465 524 3514 et
539 3457 584 3516 bis
599 3467 704 3516 onerat
718 3458 816 3530 dictis,
833 3469 923 3535 atque
937 3466 1065 3536 aggerat
1078 3459 1161 3516 iras:

404 3550 484 3608 Rem
498 3551 572 3608 nulli
586 3552 754 3624 obscurem,
771 3563 881 3611 nostrae
895 3571 953 3610 nec
967 3553 1051 3611 vocis
1065 3561 1216 3631 egentem,

366 3642 519 3716 Consulis,
536 3665 553 3703 o
568 3647 644 3704 bone
660 3665 722 3705 rex.
766 3647 879 3706 Cuncti
892 3665 926 3704 ae
939 3647 1018 3705 scire
1033 3647 1174 3718 fatentur,
1550 3712 1551 3715 Ἴ

366 3737 446 3806 Quid
462 3739 580 3799 fortuna
594 3741 670 3799 ferat
686 3741 784 3819 populi
799 3760 807 3811 ;
831 3741 884 3799 sed
898 3741 1000 3800 dicere
1015 3750 1158 3801 mussant.
1205 3745 1208 3752 '
1298 3739 1357 3800 ³4⁵

364 3830 426 3891 Det
441 3833 608 3892 libertatern
621 3835 711 3904 fandi,
726 3835 874 3911 flatusque
888 3836 1029 3906 remittat,

365 3924 463 4002 Cujus
477 3929 514 3985 ob
530 3929 696 4006 auspicium
710 3929 873 3987 infaustum
886 3947 1045 4005 moresque
1062 3930 1199 3990 sinistros

367 4019 489 4096 (Dicam
504 4022 652 4096 equidem,
668 4022 738 4081 licet
752 4042 838 4082 arma
850 4024 922 4082 mihi
935 4033 1120 4100 mortemque
1133 4023 1278 4104 minetur)

365 4112 495 4172 Lumina
507 4125 550 4172 tot
564 4117 712 4176 cecidisse
727 4117 847 4189 ducum,
862 4126 1015 4194 totamque
1031 4117 1165 4176 videmus

366 4205 550 4266 Consedissc
564 4211 668 4268 urbem
682 4211 774 4281 luctu,
792 4211 861 4269 dum
874 4211 970 4270 Troia
982 4219 1079 4270 tentat
1298 4209 1357 4268 800

366 4299 489 4374 Castra,
505 4302 585 4382 sugas
597 4303 703 4378 fideus,
719 4315 749 4366 et
763 4306 874 4366 coelum
886 4307 1003 4366 territat
1017 4301 1124 4367 armis.'
