3167 5234
338 543 376 602 ΞΒ
620 535 647 586 Ρ.
671 533 841 582 vntoml
864 531 1040 582 Mauortia

339 674 481 738 Crudelis
494 679 591 734 mater
604 673 711 753 magis,
727 693 767 732 an
781 690 856 751 puer
867 671 1019 750 improbus
1031 670 1083 730 ille
1097 669 1109 727 i

339 767 495 846 Improbus
509 767 558 826 ille
573 786 647 845 puer
662 786 672 836 ;
695 766 826 826 crudelis
838 772 872 824 tu
890 783 1009 842 quoque
1022 770 1129 824 mater.
1287 765 1327 824 50

339 860 443 940 Incipe
457 861 615 921 Maenalios
627 879 755 932 mecum,
771 878 840 917 mea
851 857 936 931 tibia,
952 877 1067 918 versus.

378 955 405 1014 N
410 973 467 1014 unc
482 963 512 1013 et
525 972 598 1012 crea
612 953 689 1014 ultro
704 953 800 1031 fugiat
813 951 902 1029 lupus
916 971 926 1022 ;
949 969 1044 1010 aurea
1055 949 1145 1010 durae·

337 1047 422 1107 Mala
434 1047 532 1106 ferant
548 1065 677 1125 quercus
692 1065 700 1116 ;
724 1045 860 1104 narcisse
871 1045 978 1104 floreat
991 1044 1094 1114 alnus3

338 1140 467 1222 Pinguia
480 1139 643 1200 corticibus
656 1138 762 1199 sudent
776 1137 890 1197 electra
902 1136 1024 1214 myricae
1040 1155 1049 1206 ;

339 1233 466 1295 Certent
480 1242 510 1292 et
523 1233 627 1312 cycnis
641 1231 730 1292 ululae
746 1249 754 1300 ;
779 1231 818 1290 sit
830 1231 954 1307 Tityrus
967 1229 1119 1308 Orpheus,
1287 1230 1328 1288 55

338 1327 477 1405 Orpheus
490 1327 521 1386 in
533 1326 626 1398 silvis,
641 1325 718 1384 inter
731 1323 887 1402 delphinas
898 1322 1002 1382 Arion

339 1419 443 1499 Incipe
457 1418 616 1480 Maenalios
629 1437 758 1490 mecum,
774 1435 842 1475 mea
854 1416 938 1488 tibia,
953 1434 1069 1474 versus.

378 1513 487 1572 Omnis
500 1513 549 1572 ‘vel
562 1510 690 1570 medium
705 1510 777 1570 fiant
792 1527 886 1570 mare.
927 1509 1040 1581 Visite,
1055 1509 1139 1569 silure
1154 1525 1162 1566 ι

338 1606 479 1685 Precepa
493 1605 568 1666 aerii
582 1602 707 1685 speculd
719 1603 756 1662 de
770 1603 878 1662 montis
890 1601 1032 1662 inundes

338 1700 492 1760 Deferur:
516 1705 681 1758 extremum
693 1697 751 1756 hoc
765 1714 873 1755 munus
886 1695 1038 1755 morientis
1051 1695 1171 1756 habete.
1288 1697 1329 1754 60

339 1793 454 1854 Desine
468 1791 637 1864 Maenalios,
649 1790 712 1868 jam
726 1789 840 1862 desine,
856 1789 940 1862 tibia,
955 1807 1070 1849 versus.

378 1977 458 2038 Herc
471 1977 591 2039 Damon
606 1997 614 2036 ι
649 1997 713 2050 vos,
732 1995 799 2055 quea
811 1975 996 2056 responderit
1009 1975 1233 2054 alphesibeus,

339 2070 453 2145 Dicite,
468 2071 604 2132 Pierides
619 2089 626 2130 :
649 2089 708 2130 non
722 2070 822 2131 omnia
835 2089 991 2151 possumus
1004 2087 1118 2130 omnes.

722 2247 950 2288 lunaelacum.

378 2351 464 2412 Effer
478 2372 598 2431 aquam,
613 2360 644 2411 et
656 2353 737 2412 molli
751 2353 839 2432 cinge
852 2353 919 2413 baec
933 2352 1039 2414 altaria
1052 2349 1127 2413 siut
1140 2369 1149 2424 3

339 2445 557 2523 Verbeuasque
572 2447 658 2506 adole
673 2447 800 2526 pingues
814 2455 843 2505 ct
857 2447 991 2506 mascula
1004 2446 1105 2518 thura,
1289 2445 1329 2504 65

341 2538 488 2618 conjugis
503 2547 534 2598 ut
548 2539 672 2618 magicis
685 2559 776 2603 sanos
789 2549 925 2599 avertere
940 2539 1036 2600 sacris

340 2630 489 2710 Experiar
503 2651 608 2690 sensus
622 2651 629 2690 ε
651 2632 724 2691 nihil
737 2631 788 2691 hic
802 2633 859 2691 uisi
872 2633 1005 2690 carmina
1018 2631 1135 2692 desunt.

340 2723 452 2784 Ducite
468 2727 506 2783 ab
520 2726 594 2783 urbe
608 2724 736 2796 domum,
753 2743 821 2783 mea
833 2725 977 2795 carmina,
993 2724 1092 2784 ducite
1106 2724 1258 2806 Daphnin.

381 2816 527 2879 Carmina
540 2818 587 2876 vel
601 2817 679 2876 coelo
692 2825 815 2895 possunt
828 2816 978 2876 deducere
991 2816 1110 2876 Lunam
1124 2837 1133 2889 ;

343 2909 536 2973 Carminibus
550 2909 642 2970 Circe
657 2910 755 2968 socios
768 2909 890 2969 mutarit
904 2909 1025 2987 Ulyssei
1039 2929 1048 2980 ;
1289 2912 1328 2970 ’10

341 3003 483 3082 Frigidus
497 3003 528 3061 in
541 3003 633 3081 pratia
646 3002 796 3062 cantando
810 3003 954 3081 rumpitur
967 3004 1084 3082 augule.

340 3095 453 3156 Ducite
468 3097 505 3154 ab
520 3097 594 3154 urbe
608 3095 737 3166 domum,
754 3115 822 3154 mea
835 3096 978 3169 carmine,
993 3096 1093 3156 ducite
1106 3097 1260 3178 Daphnin.

379 3189 483 3248 Tema
496 3188 550 3247 tibi
562 3188 627 3248 haec
641 3187 767 3266 primum
779 3189 889 3267 triplici
901 3189 1021 3249 diversa
1034 3191 1136 3250 colore

340 3281 428 3341 Licia
442 3281 605 3354 circumdo,
621 3289 726 3359 terque
740 3281 807 3340 haec
820 3282 927 3342 altaria
940 3283 1055 3343 circum

340 3374 482 3454 Effigiem
495 3374 572 3434 duco
588 3395 596 3445 ;
620 3393 743 3434 numero
757 3375 833 3435 deus
845 3376 957 3454 impare
970 3377 1091 3455 gaudet.
1289 3379 1329 3437 ¹15

340 3468 453 3528 Ducite
467 3471 505 3527 eb
521 3472 594 3528 urbe
608 3470 736 3542 domum,
752 3489 821 3529 mea
834 3472 977 3543 carmina,
993 3471 1093 3532 ducite
1105 3471 1257 3559 Daphnim

381 3561 478 3622 Necte
492 3563 588 3622 tribue
601 3563 686 3622 nodis
699 3572 812 3635 ternos,
826 3564 983 3642 Amarylli,
999 3566 1117 3625 colores
1132 3584 1141 3636 ;

342 3654 371 3716 N
372 3654 712 3732 ecte,Amarylli,m0dd:
727 3664 767 3729 et,
781 3657 968 3730 “Veneris”
977 3657 1036 3731 dic,
1049 3659 1199 3719 “vincula
1206 3659 1329 3720 nectc.’'

340 3747 452 3807 Ducite
466 3750 504 3807 ab
519 3750 592 3807 urbe
607 3748 735 3822 domum,
750 3768 819 3808 mea
832 3750 975 3824 carmina,
991 3752 1091 3812 ducite
1104 3751 1255 3831 Daphnin.

262 3905 266 3914 ¹
380 3841 485 3901 Limus
500 3850 531 3901 ut
544 3842 593 3901 hic
608 3841 748 3915 durescit,
765 3851 796 3902 et
809 3842 875 3901 hee
889 3852 920 3903 ut
934 3864 1008 3904 cera
1019 3846 1160 3923 liquescit
1289 3848 1329 3907 80

341 3933 410 3994 Uno
424 3934 588 4012 codemque
603 3936 665 4014 igni
680 3954 688 4006 ;
712 3937 755 3995 sic
769 3945 871 3996 nestro
883 3936 1020 4015 Daphnis
1036 3958 1149 3998 amere.

343 4029 459 4106 Sparge
473 4029 592 4102 molam,
606 4037 636 4086 et
656 4029 779 4108 fragiles
793 4029 919 4089 incende
934 4032 1077 4091 bitumine
1090 4033 1205 4092 lauros:

343 4119 480 4198 Daphnis
494 4139 541 4178 me
555 4121 651 4180 malus
666 4122 722 4181 urit
739 4142 746 4192 ;
774 4143 833 4202 ego
846 4123 924 4183 hanc
938 4125 968 4182 in
981 4123 1140 4202 Daphnide
1155 4125 1281 4186 laurum.

341 4212 454 4273 Ducite
469 4215 506 4272 ab
522 4215 596 4272 urbe
610 4213 738 4288 domum,
754 4235 822 4274 mea
835 4218 978 4288 carmina,
994 4216 1094 4276 ducite
1108 4217 1261 4297 Daphnin.

380 4305 465 4365 Talis
480 4325 563 4365 amor
574 4305 725 4384 Daphnin,
743 4309 850 4384 qualia,
866 4328 957 4385 quum
971 4309 1050 4367 fessa
1060 4309 1223 4386 juvencum
1289 4314 1328 4372 85

342 4398 403 4460 Per
416 4418 539 4458 nemora
553 4407 641 4476 atque
656 4397 733 4458 altos
748 4401 908 4476 quaerendo
924 4402 1032 4461 bucula
1046 4402 1132 4465 lucos
