3167 5234
377 564 418 623 60
671 557 697 604 P.
715 556 884 605 VlRGlLll
904 556 1077 609 Minurus

377 696 418 757 Ut
432 694 553 777 gemmei
565 696 658 769 bibat,
673 704 706 756 et
718 698 851 757 Sarrano
864 698 1021 759 indormint
1035 706 1135 759 ostro:

378 790 489 853 Condit
504 810 577 872 opes
589 790 677 863 nlius}
692 791 871 868 defossoque
886 793 1007 852 incubat
1020 812 1115 853 auro:

376 884 441 946 Hic
453 893 553 964 stupet
567 884 709 943 attonitus
722 884 863 944 Rostris:
886 886 965 945 hunc
979 888 1102 966 plausus
1116 887 1249 949 hiantem

376 978 438 1039 Per
450 998 564 1039 cuneos
577 979 746 1059 geminatus
759 980 838 1038 euim
853 981 1007 1058 plebisque
1022 989 1196 1058 petrumque

377 1072 554 1152 Corripuit:
576 1073 708 1153 gaudent
723 1073 836 1151 perfusi
850 1075 996 1153 sanguine
1011 1075 1146 1147 fratrum,
1307 1078 1367 1135 510

375 1166 552 1244 Exsilioque
563 1166 667 1226 domos
680 1174 710 1225 et
724 1167 825 1227 dulcia
837 1168 939 1227 limina
953 1175 1077 1241 mutent,

375 1260 479 1339 Atque
493 1261 552 1319 alio
566 1259 693 1340 petriam
707 1268 843 1337 quierunt
857 1263 912 1320 sub
927 1262 989 1321 sole
1006 1263 1168 1339 jacentem.

374 1354 521 1434 Agricola
534 1354 658 1413 incurvo
671 1361 784 1413 terram
797 1354 918 1414 dimovit
932 1363 1032 1413 aratro
1047 1374 1054 1413 ε

374 1446 459 1507 Hinc
472 1447 543 1507 nuni
557 1448 663 1518 labor;
685 1448 755 1505 hinc
769 1448 896 1525 petrium
910 1466 1077 1525 paruosque
1091 1457 1216 1527 nepotes

376 1542 509 1601 Sustinet
522 1560 531 1612 ;
554 1542 624 1600 hinc
639 1550 775 1600 armenta
788 1543 888 1614 boum,
904 1542 1085 1619 meritosque
1102 1543 1259 1620 juvencos.
1307 1546 1366 1603 515

376 1632 446 1695 Nec
460 1634 592 1713 requies,
609 1635 680 1711 quin
695 1644 745 1694 sut
759 1635 853 1713 pomis
867 1637 1011 1695 exuberet
1026 1654 1132 1708 annue,

375 1728 437 1788 Aut
451 1728 526 1789 sustu
539 1746 692 1807 pecorum,
708 1736 759 1787 aut
773 1727 912 1788 Cerealis
925 1730 1052 1807 mergite
1066 1730 1167 1803 culmi,

375 1822 587 1899 Proventuque
601 1832 706 1883 oneret
719 1823 832 1894 sulcos,
849 1830 938 1899 etque
953 1824 1063 1882 horren
1077 1824 1186 1883 vincet.

415 1915 507 1975 Venit
521 1916 616 1975 hiems
631 1936 639 1985 3
663 1917 770 1975 teritur
783 1916 925 1994 Sicyonia
938 1920 1034 1977 bacca
1046 1918 1170 1996 trapetis
1183 1936 1192 1987 3

375 2008 496 2071 Glande
509 2030 581 2071 sues
593 2010 655 2068 listi
668 2010 795 2069 redeunt
811 2029 819 2080 ;
843 2010 913 2069 dent
927 2013 1036 2070 arbuta
1048 2010 1131 2071 silvae
1145 2030 1153 2081 ;
1307 2012 1367 2071 620

374 2102 417 2162 Et
431 2104 530 2162 varios
544 2104 625 2183 ponit
639 2103 729 2163 fustus
743 2112 913 2177 autumnus,
929 2112 958 2163 et
973 2104 1034 2164 altd

374 2195 460 2257 Mitis
476 2197 506 2255 in
521 2198 632 2276 apricis
644 2198 784 2274 coquitur
797 2197 946 2257 vindemia
959 2198 1049 2259 sexis.

332 2295 336 2311 '
375 2290 499 2353 Interea
512 2292 617 2351 dulces
630 2292 760 2371 pendent
773 2293 888 2351 circum
902 2294 1007 2352 osculo
1019 2294 1081 2353 neti
1095 2312 1103 2364 ;

375 2384 473 2447 Casta
487 2385 659 2465 pudicitiam
672 2394 772 2445 servat
786 2386 892 2445 domus
904 2405 913 2457 ;
937 2388 1033 2445 ubera
1047 2406 1148 2446 vaccas

373 2478 492 2540 Lactea
503 2479 659 2539 demittunt
676 2498 685 2549 ;
709 2480 896 2559 pinguesque
911 2480 941 2539 in
955 2481 1091 2559 gramine
1105 2482 1174 2541 laeto
1305 2480 1365 2539 525
1420 2520 1425 2537 .

375 2572 459 2633 Inter
471 2592 506 2631 se
520 2574 655 2633 adversis
668 2575 821 2634 luctantur
834 2575 975 2633 cornibus
989 2575 1075 2635 hredi.

414 2666 484 2745 lpse
498 2666 563 2727 dies
576 2668 670 2746 agitat
683 2668 776 2727 festos
791 2687 801 2739 ;
824 2668 968 2745 lususque
983 2688 1037 2747 per
1050 2669 1184 2741 herbam,

374 2758 459 2839 Ignis
473 2760 524 2819 ubi
537 2761 568 2819 in
582 2761 690 2832 medio,
706 2770 736 2819 et
750 2762 825 2821 socii
839 2769 959 2822 crotera
973 2764 1134 2835 coronant,'

374 2851 421 2911 Te
435 2853 544 2926 libans,
558 2854 684 2925 Lauare,
700 2868 787 2912 vocat
801 2874 809 2925 3
834 2856 1011 2933 pecorisque
1025 2856 1176 2935 magistris

374 2944 503 3007 Velocis
518 2948 613 3025 jaculi
626 2949 791 3007 certamina
806 2950 886 3027 ponit
900 2950 930 3007 in
945 2950 1045 3019 ulmo;
1304 2950 1364 3009 5³0

374 3040 574 3119 Corporaque
588 3042 702 3120 agresti
714 3042 828 3101 nudant
842 3042 980 3120 prsedura
994 3040 1143 3120 pslsestri.

413 3134 507 3194 Hanc
519 3135 589 3194 olim
603 3144 722 3194 veteres
736 3137 827 3195 vitam
842 3134 964 3196 coluere
983 3136 1095 3208 Sabini

372 3229 466 3289 Hanc
478 3230 595 3289 Remus
608 3239 639 3288 et
653 3230 746 3289 frater
761 3250 769 3301 ;
792 3230 837 3289 sic
852 3230 937 3290 fortis
950 3230 1074 3289 Etruria
1088 3228 1181 3289 crevit

374 3324 507 3397 Scilicet,
523 3332 552 3383 et
569 3344 670 3383 rerum
684 3325 765 3383 facta
778 3333 824 3383 est
839 3324 1040 3403 pulcherrima
1052 3322 1162 3396 Roma,

373 3420 554 3496 Septemque
568 3437 629 3477 una
642 3418 699 3476 sibi
712 3436 798 3477 muro
812 3416 1007 3477 circumdedit
1020 3434 1118 3476 arces.
1301 3418 1362 3479 535

371 3512 451 3571 Ante
466 3511 556 3572 etiam
569 3520 719 3590 sceptrum
733 3511 845 3571 Dictaei
863 3510 955 3589 regis,
971 3517 1000 3568 et
1015 3510 1084 3569 ante

372 3604 469 3684 impin
483 3604 572 3683 quim
585 3605 672 3665 cassis
686 3624 762 3684 gens
774 3612 821 3663 est
835 3604 956 3682 epulata
972 3602 1120 3680 juvencis,

371 3699 495 3760 Aureus
508 3700 587 3760 hanc
600 3700 691 3759 vitam
708 3698 842 3757 interris
856 3699 1003 3757 Saturnus
1017 3699 1135 3776 agebel.

371 3794 511 3855 Necdum
523 3794 614 3853 etiem
628 3793 784 3852 audierant
800 3792 897 3851 inflari
911 3792 1049 3865 classice,
1065 3790 1194 3852 necdum

372 3886 529 3967 Impositos
542 3888 625 3947 duris
638 3888 787 3966 crepitare
802 3885 960 3947 incudibus
974 3904 1071 3946 enses.
1300 3886 1361 3945 540

412 3981 472 4040 Sed
487 4001 542 4041 nos
555 3980 731 4041 immensum
743 3981 848 4059 spatiis
863 3979 1046 4040 confecimus
1060 3998 1163 4058 oequor
1178 3996 1187 4050 3

371 4072 413 4134 Et
429 4074 494 4151 jam
505 4081 622 4152 tempus
635 4072 744 4151 equim
758 4074 903 4134 fumantia
916 4073 1034 4134 solvere
1048 4073 1135 4133 colle.
