3167 5234
392 575 450 631 Qlss
681 569 707 616 P.
724 568 894 617 VlRGlLll
914 567 1099 616 Mauortis.

393 708 511 767 Nomen
526 707 555 766 in
570 714 649 766 astra
663 708 768 767 serant.
811 707 905 767 Hunc
919 707 1001 766 illum
1016 725 1140 786 poscere
1154 707 1216 767 fata

392 801 433 860 Et
448 821 526 874 reor,
543 809 583 870 et,
600 803 625 859 ai
639 801 710 878 quid
724 801 787 859 veri
801 820 886 859 meus
900 809 1038 878 augurat,
1054 809 1133 878 opto.

433 893 512 953 Haec
527 894 645 966 effatus,
662 914 756 970 equos
770 913 894 951 numero
908 902 994 970 pater
1007 893 1090 972 eligit
1104 895 1183 953 omni
1196 913 1203 952 z

394 988 518 1047 Stabant
531 996 578 1046 ter
592 997 711 1046 centum
725 987 809 1046 nitidi
823 987 852 1045 in
867 987 1049 1065 praesepibus
1063 988 1138 1047 altis.

394 1081 539 1141 Omnibus
553 1082 699 1159 extemplo
712 1081 842 1139 Teucris
858 1081 943 1157 jubet
957 1081 1061 1138 ordine
1074 1081 1143 1139 duci

394 1175 540 1234 Instratos
554 1184 635 1234 ostro
650 1174 782 1252 alipedes
796 1175 943 1252 pictisque
956 1175 1074 1252 tapetis.

393 1269 497 1328 Aurea
511 1268 681 1347 pectoribus
695 1269 825 1327 demissa
838 1269 958 1326 monilia
971 1266 1120 1346 pendent:

393 1362 482 1422 Tecti
496 1382 580 1434 auro,
597 1362 709 1421 fulvum
724 1361 864 1420 mandunt
879 1363 934 1419 sub
949 1361 1085 1420 dentibus
1104 1381 1219 1420 eurum.

393 1457 520 1516 Absenti
533 1457 645 1516 AEneae
659 1475 779 1514 currum
793 1455 988 1534 geminosque
1004 1455 1135 1533 jugales,

395 1550 513 1608 Semine
528 1553 565 1609 ah
581 1550 714 1622 aetherio,
731 1550 880 1627 spirantes
893 1549 1015 1607 naribus
1028 1550 1139 1627 ignem,

395 1641 516 1703 Illorum
531 1645 568 1703 do
583 1653 683 1722 gente,
700 1643 776 1722 patri
792 1663 866 1719 quos
880 1640 996 1700 daedala
1011 1641 1103 1702 Circe

394 1735 555 1815 Suppositd
568 1737 604 1795 de
620 1744 714 1795 matre
729 1736 834 1794 nothos
848 1736 946 1794 furata
960 1737 1082 1795 crearit.

393 1830 520 1890 Talibus
533 1829 684 1890 AEnesdae
699 1829 783 1888 donis
798 1829 943 1905 dictisque
964 1829 1064 1887 Latini

394 1925 542 1983 Sublimes
556 1925 587 1982 in
601 1925 686 2001 equis
699 1923 836 1995 redeunt,
853 1942 1017 2000 pacemque
1030 1931 1191 2000 reportant.

433 2018 517 2077 Ecce
532 2029 631 2077 autem
646 2017 777 2076 Inachiis
790 2036 858 2076 scae
875 2017 1025 2074 reserabat
1038 2018 1076 2074 ab
1091 2016 1182 2095 Argia

395 2114 483 2172 Saeva
495 2112 580 2172 Joris
595 2111 712 2188 conjux,
728 2130 877 2188 aurasque
892 2111 1011 2169 invecta
1024 2113 1145 2169 tenebat
1158 2129 1167 2180 3

393 2205 434 2264 Et
448 2206 549 2266 laetum
561 2204 687 2263 AEnean
700 2205 889 2280 classemque
904 2223 941 2262 ex
955 2203 1067 2262 aethere
1081 2204 1171 2281 longo

392 2297 579 2356 Dardaniam
593 2297 694 2355 Siculo
709 2298 858 2374 prospexit
872 2298 910 2355 ab
925 2317 1020 2374 usque
1033 2295 1187 2374 Pachyno.

393 2391 494 2450 Moliri
511 2392 574 2467 jam
588 2399 669 2449 tecta
682 2390 773 2462 ridet,
785 2391 848 2467 jam
863 2392 955 2449 fidere
972 2399 1072 2462 terras,

392 2484 574 2546 Deseruisse
588 2497 678 2544 rates.
722 2486 808 2543 Stetit
823 2485 885 2543 acri
901 2485 960 2542 fera
974 2483 1085 2543 dolore.

393 2578 482 2650 Tum,
500 2599 646 2656 quassans
660 2588 760 2657 caput,
777 2580 843 2637 hoec
857 2578 980 2636 effundit
995 2587 1116 2657 pectore
1131 2576 1232 2636 dicta:

393 2671 466 2730 Heu
480 2673 601 2750 stirpem
616 2673 761 2731 invisam!
783 2683 813 2730 et
828 2672 896 2731 satis
910 2672 1061 2730 contraria
1074 2673 1182 2730 nostris

392 2764 472 2824 Fata
485 2765 658 2844 Phrygum!
679 2786 749 2823 num
765 2767 863 2844 Sigeis
876 2767 1055 2824 occumbere
1076 2765 1198 2844 campis,

393 2859 474 2916 Num
488 2859 568 2936 capti
581 2858 705 2937 potuine
720 2859 787 2937 capi
802 2859 812 2915 ?
834 2879 905 2918 num
919 2860 1042 2918 incensa
1060 2859 1202 2917 cremavit

392 2951 486 3028 Troja
500 2952 579 3010 viros
594 2953 604 3008 l
624 2952 737 3010 medias
752 2953 834 3012 acies
848 2953 1020 3030 mediosque
1034 2973 1087 3031 per
1100 2955 1185 3031 ignes

393 3041 541 3104 lnvendre
556 3046 643 3104 viam.
686 3048 736 3116 At,
754 3047 855 3118 credo,
870 3066 937 3105 mea
951 3046 1073 3106 nomina
1084 3045 1205 3105 tandem

392 3137 490 3197 Fessa
506 3139 620 3215 jacent,
637 3139 711 3197 odiis
726 3147 776 3198 aut
790 3149 963 3198 exsaturata
978 3141 1085 3217 quievi.

393 3231 476 3300 Quin
490 3233 580 3292 etiam
594 3231 692 3312 patrii
706 3253 850 3293 excussos
864 3235 971 3293 infesta
986 3255 1039 3314 per
1055 3234 1149 3293 undas

392 3327 480 3387 Ausa
493 3327 589 3404 sequi,
606 3336 635 3385 et
650 3327 783 3406 profugis
798 3337 860 3387 toto
875 3348 921 3386 me
935 3348 1085 3406 opponere
1101 3339 1199 3406 ponto.

392 3423 567 3499 Absumptae
580 3421 611 3480 in
624 3422 760 3480 Teucros
774 3424 856 3481 vires
869 3423 998 3500 coelique
1013 3424 1173 3500 marisque.

393 3514 475 3583 Quid
491 3517 604 3593 Syrtes,
620 3525 671 3574 aut
686 3516 788 3593 Scylla
801 3517 881 3588 mihi,
899 3517 969 3594 quid
983 3525 1068 3576 vasta
1082 3513 1254 3595 Charybdis

391 3608 506 3668 Profuit
521 3609 531 3666 ἓ
553 3617 652 3687 optato
667 3609 835 3668 conduntur
847 3610 989 3688 Tybridis
1004 3612 1100 3683 alveo,

391 3703 498 3763 Securi
512 3703 621 3782 pelagi,
639 3711 728 3780 atque
744 3705 811 3763 mei.
853 3703 938 3763 Mars
952 3705 1077 3782 perdere
1091 3711 1212 3784 gentem

391 3797 554 3855 Immanem
568 3795 726 3875 Lapithrim
740 3798 851 3856 valuit:
873 3800 1022 3858 concessit
1036 3800 1066 3858 in
1081 3800 1142 3858 iras
1317 3799 1378 3856 805

391 3889 460 3968 lpse
475 3887 563 3948 derim
577 3891 730 3967 antiquam
743 3893 862 3970 genitor
875 3891 1032 3969 Calydona
1044 3893 1162 3952 Dianae.

391 3982 480 4050 Quod
495 3985 595 4044 scelus
605 3993 656 4043 aut
669 3985 815 4063 Lapithas
825 3994 950 4058 tantum,
963 3997 1014 4045 aut
1029 3987 1186 4065 Calydona
1196 3983 1376 4045 merentem?

390 4075 449 4135 Ast
462 4096 531 4155 ego,
546 4097 655 4164 magna
668 4078 753 4138 Jovis
767 4081 886 4157 conjux,
903 4081 944 4139 nil
958 4080 1094 4158 linquere
1108 4081 1246 4139 inausum

391 4167 469 4235 Quas
483 4171 564 4246 potui
578 4171 688 4244 infelix,
706 4193 772 4250 quae
786 4184 895 4232 memet
907 4173 937 4232 in
952 4175 1052 4232 omnia
1065 4173 1151 4246 verti,

390 4261 504 4322 Vinoor
518 4265 556 4321 ab
570 4263 683 4326 AEned.
727 4267 818 4334 Qudd
832 4270 857 4327 si
871 4289 938 4328 mea
950 4269 1071 4328 numina
1084 4289 1143 4328 non
1157 4280 1226 4328 sunt
1316 4269 1380 4327 310

389 4357 506 4437 Magna
529 4357 613 4432 satis,
630 4359 761 4419 dubitem
784 4362 863 4421 haud
888 4364 1026 4442 equidem
1047 4364 1206 4443 implorare
1229 4361 1308 4443 quod
1328 4382 1381 4422 us·

470 4471 560 4531 quam
572 4461 628 4513 ost.
