3167 5234
554 549 728 600 AENBIDOS
748 549 819 598 uls.
833 550 897 598 xtt.

222 693 309 754 Totus
324 691 400 751 aded
415 709 571 751 conversae
585 691 678 762 acies,
695 707 858 766 omnesque
871 689 974 748 Latini

223 788 336 849 Omnes
350 785 545 857 Dardanides,
563 783 754 856 Mnestheus,
771 803 903 860 acerque
917 785 1066 856 Serestus,

222 879 263 940 Et
275 879 438 958 Messapus
452 881 564 956 equitm
577 879 712 950 domitor,
729 886 758 936 et
772 878 857 936 sortis
870 878 992 954 Asylas,

223 973 452 1051 Tuscorumque
467 973 606 1052 phalanx,
623 971 817 1048 Evandrique
830 970 968 1029 Arcades
983 971 1040 1031 aie
1055 990 1063 1029 τ

222 1067 283 1128 Pro
297 1087 330 1126 se
346 1068 482 1145 quisque,
499 1067 554 1126 riri
569 1067 686 1126 rummia
699 1067 833 1124 nituntur
844 1085 933 1143 opum
947 1066 985 1125 vi.

169 1143 172 1157 ⁴
223 1161 290 1222 Nec
305 1181 398 1234 mora,
415 1180 472 1220 nec
486 1161 627 1237 requies:
650 1169 734 1218 vasto
749 1159 913 1218 certamine
926 1156 1059 1218 tendunt.

262 1253 327 1314 Hic
340 1263 470 1314 mentem
483 1255 594 1312 AEneae
609 1254 745 1331 genetrix
761 1253 962 1331 pulcherrima
974 1252 1063 1323 misit,
1080 1329 1082 1337 Ι

224 1347 285 1408 lret
299 1356 331 1406 ut
345 1348 382 1406 nd
396 1365 507 1417 muros,
525 1347 650 1424 urbique
665 1347 835 1406 adverteret
848 1364 957 1424 agmen

224 1441 329 1513 Ocius,
346 1449 376 1499 et
391 1439 491 1499 subiti
504 1442 639 1498 turbaret
653 1440 739 1498 clade
752 1438 888 1498 Latinos.

223 1535 290 1606 Ille,
308 1542 339 1593 ut
353 1534 507 1612 vestigans
521 1533 640 1591 diverse
654 1553 707 1610 per
721 1534 842 1611 agmina
853 1533 1001 1604 Turnum,

222 1627 295 1688 Huc
310 1635 401 1704 atque
413 1627 473 1685 buc
488 1627 569 1685 acies
584 1627 774 1700 circumtulit,
791 1627 917 1704 adspicit
932 1628 1037 1685 urbem

222 1721 386 1780 immunem
399 1721 474 1780 tanti
488 1721 559 1778 belli
570 1729 662 1797 stque
677 1720 796 1798 impune
811 1721 950 1797 quietam.

224 1814 374 1876 continua
389 1833 497 1892 pugnas
512 1814 648 1873 accendit
663 1813 782 1890 majoris
797 1818 906 1892 imago.
1153 1813 1213 1872 560

222 1907 392 1980 Mnesthea,
410 1901 644 1986 Sergestumque
660 1919 757 1979 vocnt,
774 1908 942 1983 sortemque
957 1907 1121 1979 Serestum,

222 2001 384 2072 Ductores,
400 2001 604 2077 tumulumque
618 2002 720 2079 cepit;
746 2000 804 2077 qud
819 2009 931 2060 coetern
943 1996 1097 2060 Teucnim

223 2095 386 2156 Concurrit
400 2095 481 2174 legio
497 2115 504 2165 ;
528 2115 584 2154 nec
599 2103 685 2154 scuta
699 2104 750 2154 eut
764 2095 881 2172 spicula
894 2095 980 2153 densi

223 2189 395 2268 Deponunt.
438 2189 531 2250 Celso
545 2190 660 2248 medius
675 2199 756 2248 stsns
771 2209 885 2268 aggere
900 2190 1001 2247 satur:

222 2283 333 2360 Neque
345 2283 419 2342 meis
436 2292 501 2342 esto
515 2283 602 2342 dictis
616 2303 699 2342 mora
713 2303 720 2340 :
742 2283 862 2360 Jupiter
876 2281 935 2340 bisc
948 2290 1016 2341 stat.
1152 2281 1212 2338 565

223 2375 290 2436 Neu
307 2377 373 2454 quis
386 2378 424 2435 ob
439 2377 588 2454 inceptum
602 2377 730 2435 subitum
742 2376 816 2434 mibi
829 2377 951 2453 segnior
963 2376 1014 2435 ito.

185 2493 194 2502 ’
223 2469 335 2529 Urbem
348 2471 446 2542 bodie,
464 2489 587 2529 causant
602 2470 681 2541 belli,
697 2489 792 2547 regna
807 2470 872 2547 ipsa
885 2469 997 2541 Latini,

223 2561 266 2622 Ni
280 2564 406 2623 frasnum
421 2565 561 2642 accipere
576 2573 605 2622 et
619 2564 689 2622 victi
704 2581 812 2641 parere
827 2564 966 2634 fatentur,

222 2656 348 2728 Erunm,
364 2666 394 2715 et
408 2677 496 2734 nequa
508 2658 572 2716 solo
587 2657 730 2714 sumentia
744 2657 875 2715 culmina
887 2674 1004 2733 ponam.

224 2743 345 2809 Scilicet
359 2759 542 2829 exspectent,
559 2751 649 2810 libeat
664 2751 733 2809 dum
747 2751 855 2828 proelia
871 2749 977 2809 Turno
1152 2749 1213 2808 5⁷0

222 2844 335 2904 Nostra
350 2845 420 2922 pati,
437 2865 602 2922 rursusque
617 2845 687 2902 velit
701 2861 882 2904 concurrere
897 2845 994 2903 victus
1007 2843 1019 2900 i

223 2937 293 2996 Hoc
308 2927 407 3016 caput,
423 2957 442 2996 o
455 2939 547 3009 cives,
563 2939 630 2997 baec
644 2938 713 2996 belli
727 2956 844 2996 summa
856 2937 986 2997 neinnd'u

223 3031 315 3090 Ferte
330 3032 413 3090 feces
427 3031 563 3110 propere,
578 3031 735 3108 foedusque
754 3033 903 3108 reposcite
917 3030 1052 3091 flammis.

223 3124 351 3184 Dixerat
365 3145 372 3195 ;
397 3133 486 3202 atque
501 3126 605 3187 animis
619 3125 730 3203 pariter
744 3127 929 3184 certantibus
942 3143 1046 3184 omnes

223 3217 307 3276 Dant
320 3237 460 3291 cuneum,
476 3218 630 3295 densique
644 3220 682 3277 ed
697 3239 798 3278 muros
810 3220 887 3279 mole
901 3220 1046 3277 teruntur.
1097 3229 1102 3240 '
1152 3219 1212 3276 816

224 3313 322 3371 Scalae
336 3312 505 3390 improvisd,
521 3313 695 3389 subitusque
711 3314 848 3390 apparuit
861 3313 949 3391 ignia,

224 3405 406 3464 Discurrunt
421 3407 472 3465 alii
486 3405 523 3464 ad
537 3415 648 3484 portas,
666 3407 834 3484 primosque
850 3405 1021 3475 trucidant3
1078 3439 1081 3444 ·

223 3498 351 3557 Ferrum
366 3498 416 3557 alii
430 3507 579 3576 torquent,
595 3509 625 3558 et
639 3501 815 3558 obumbrant
828 3499 942 3558 tetbera
953 3498 1031 3559 telis.

225 3591 293 3670 lpse
307 3593 384 3651 inter
396 3593 507 3670 primos
521 3594 655 3651 dextrum
673 3595 727 3652 sub
742 3594 852 3651 moenia
864 3592 957 3651 tendit

224 3685 352 3757 AEncas,
369 3685 539 3765 magnique
553 3687 670 3746 incuset
684 3684 759 3745 voce
772 3687 937 3744 Latinum:
1151 3685 1212 3744 580
1257 3708 1261 3724 ¹

224 3776 426 3856 Testaturque
440 3780 513 3838 deos
527 3780 634 3840 iterum
647 3799 680 3838 se
695 3780 732 3838 ad
747 3781 854 3857 proetia
867 3779 946 3857 cogi,

225 3871 278 3932 Bis
287 3874 351 3949 jam
364 3873 456 3933 Italos
470 3875 582 3946 hostes,
598 3875 664 3932 brec
678 3874 773 3932 altera
787 3873 903 3932 findere
915 3871 1021 3950 rumpi.

224 3965 367 4028 Exoritur
379 3969 511 4048 trepidos
525 3969 601 4027 inter
614 3969 763 4027 discordis
777 3969 879 4026 cives:

225 4059 337 4120 Urbem
351 4063 402 4120 alii
415 4081 551 4122 reserare
568 4063 685 4138 jubent,
702 4071 731 4120 et
746 4063 876 4139 pendere
891 4069 993 4138 portas

224 4145 416 4228 Dardanidis,
433 4157 588 4235 ipsumque
602 4155 723 4214 trahunt
737 4155 766 4213 in
780 4155 891 4214 moenia
904 4173 1009 4232 regem
1022 4173 1031 4225 ;
1151 4157 1210 4216 505

224 4251 318 4308 Arma
331 4251 429 4310 serunt
444 4251 504 4322 alii,
521 4260 550 4309 et
565 4258 692 4329 pergunt
706 4250 866 4308 defendere
880 4269 989 4310 muros.

226 4341 364 4403 Inclusas
379 4352 410 4403 ut
424 4363 513 4421 quum
526 4346 676 4404 latebroso
691 4344 720 4402 in
734 4345 851 4423 pumice
864 4352 967 4422 pastor
