3167 5234
379 542 441 599 292
668 534 695 581 r.
713 532 881 581 vraornn
901 532 1076 581 nononis

379 674 523 734 Manibus
535 682 566 733 et
579 673 685 745 cineri,
699 674 727 731 si
739 692 800 749 qne
812 680 858 731 cst
870 691 909 731 ee
920 692 1006 743 cura,
1021 672 1149 731 mnino.

380 768 453 828 Hoc
465 778 566 827 tamen
579 767 682 825 infelix
695 768 834 825 miserem
848 766 986 825 solabere
999 774 1125 823 mortem
1139 783 1149 834 ;

381 862 493 921 AE'meae
506 861 607 940 magni
619 854 728 919 dexlrri
739 860 833 919 cedis.
876 859 1016 937 [nemost
1036 859 1115 917 oltro
1297 860 1372 919 ,88]

381 955 570 1018 cunctantes
582 955 692 1026 melos,
707 951 836 1011 et'terrd
848 954 986 1013 sublevat
999 952 1107 1029 ipsum,

381 1050 534 1128 Sanguine
547 1056 717 1125 turpantem
730 1056 864 1124 comptu
877 1046 914 1104 de
929 1064 1013 1105 mere
1027 1046 1160 1123 capillos.

420 1142 545 1202 Interea
556 1141 676 1220 genitor
687 1140 825 1199 Tiberini
838 1139 877 1197 ed
890 1139 1019 1198 fluminis
1032 1138 1141 1197 undem

381 1236 519 1295 Vulnere
530 1235 666 1294 siocebat
678 1233 817 1311 lymphis,
833 1250 1002 1310 corpusque
1015 1232 1146 1304 lerebet,

379 1328 506 1387 Arboris
520 1327 646 1385 coelicis
658 1336 788 1385 manco:
811 1326 915 1404 procul
929 1325 1115 1383 rereeremis
1310 1326 1370 1385 885

380 1420 540 1499 Dependet
553 1421 655 1499 gelen,
670 1428 702 1477 ct
715 1428 801 1497 preto
814 1420 920 1497 grevia
932 1438 1016 1477 arm
1030 1418 1199 1495 quiescunt.

382 1516 469 1573 Stant
482 1514 553 1573 lecti
566 1514 681 1573 circium
689 1513 818 1589 juvenes
833 1532 841 1569 :
862 1514 926 1591 ipse
945 1530 1037 1590 teger,
1054 1512 1210 1584 anhelans,

381 1606 470 1669 Colla
483 1608 573 1678 fovet,
589 1606 674 1665 fusus
687 1626 849 1684 propexam
861 1606 892 1663 in
906 1614 1026 1683 pectore
1040 1606 1164 1664 barbam
1178 1624 1188 1676 ;

380 1700 479 1759 Multa
494 1719 586 1777 super
597 1699 701 1758 Leuso
714 1701 835 1778 rogitet,
851 1700 1033 1775 multumque
1051 1698 1173 1757 remittit

380 1794 445 1862 Qui
456 1801 610 1865 revocent,
624 1794 784 1869 moestique
798 1794 895 1851 ferent
909 1792 1047 1851 mendete
1060 1792 1201 1869 parentis.
1311 1796 1371 1853 elo

380 1888 422 1947 At
435 1887 570 1947 Lausum
585 1887 660 1945 sccii
672 1887 841 1945 exanimem
854 1905 945 1964 super
958 1906 1043 1945 erma
1055 1885 1190 1945 serebant

380 1980 516 2052 Flentes,
532 1980 695 2059 ingentem,
710 1988 802 2057 etque
816 1980 931 2059 ingenti
942 1979 1067 2037 vulnere
1080 1980 1200 2040 victum.

381 2074 513 2153 Agnovit
526 2073 615 2152 longe
630 2074 772 2152 gemitum
785 2092 925 2152 prescge
939 2074 1010 2133 meli
1022 2092 1107 2131 mens
1120 2092 1129 2143 ;

382 2166 534 2228 Canitiem
546 2167 639 2226 multo
651 2166 798 2225 deformet
812 2167 946 2245 pulvere,
962 2175 993 2225 et
1007 2168 1111 2226 ambas

379 2260 430 2320 Ad
443 2261 553 2321 ccelum
565 2260 660 2319 tendit
673 2260 799 2337 pelmes,
815 2268 845 2318 et
858 2280 984 2339 corpore
998 2261 1123 2319 inhaeret
1137 2278 1146 2317 t
1310 2262 1370 2321 845

379 2354 519 2413 Tantone
531 2372 580 2411 me
591 2354 686 2412 tenuit
699 2354 828 2426 vivendi,
844 2362 924 2426 nete,
941 2354 1087 2431 voluptas,

379 2446 420 2507 Ut
434 2467 487 2525 pro
500 2466 548 2505 me
562 2447 662 2505 hostili
675 2456 796 2524 putarer
809 2447 973 2507 succedere
987 2448 1110 2519 dextre,

380 2540 480 2610 Quem
494 2541 585 2619 genui
602 2541 613 2597 l
634 2548 725 2599 tuone
739 2541 805 2601 blac
820 2543 938 2620 genitor
951 2560 1004 2619 per
1017 2542 1143 2600 vulnere
1155 2558 1271 2616 servor,

379 2632 479 2693 Morte
492 2632 547 2692 tud
559 2635 686 2694 vivens?
717 2635 790 2694 Heu
804 2638 811 2693 l
833 2654 912 2694 nunc
926 2634 1035 2695 misero
1049 2636 1120 2695 mihi
1133 2634 1252 2695 demum

379 2726 528 2787 Exsilium
540 2727 664 2786 infelix!
688 2748 768 2787 nuno
782 2728 841 2788 alte
857 2729 963 2787 vulnus
977 2728 1138 2789 edentum!
1310 2730 1369 2789 850

381 2818 466 2877 Idem
481 2838 549 2897 ego,
563 2828 644 2892 nete,
659 2829 742 2879 tuum
755 2822 903 2881 meculevi
917 2822 1040 2881 crimine
1054 2842 1172 2895 nomen,

381 2910 492 2972 Pulsus
505 2914 543 2970 ob
558 2912 696 2973 invidiam
710 2914 785 2972 solio
799 2916 985 2992 sceptrisque
1004 2917 1145 2993 paternis.

381 3005 556 3066 Debueram
570 3008 675 3084 petriee
689 3027 794 3086 poenns
809 3010 943 3087 odiisque
956 3030 1090 3073 meorum
1104 3031 1112 3069 :

268 3140 271 3147 -
381 3097 494 3159 Omnes
508 3118 562 3177 per
575 3109 686 3159 mortes
699 3103 828 3161 enimam
841 3111 955 3163 sontem
969 3105 1033 3182 ipse
1047 3105 1203 3165 dedissem.

379 3191 409 3253 N
411 3211 470 3258 unc
484 3193 551 3252 vivo
565 3196 572 3251 l
594 3212 693 3270 neque
707 3195 804 3253 adbuc
818 3197 952 3256 homines
966 3198 1123 3275 lucemque
1137 3199 1274 3275 relinquo
1288 3201 1295 3259 l
1310 3200 1368 3259 855

381 3286 441 3344 Sed
454 3286 595 3363 linquam.
638 3287 732 3347 Simul
745 3289 803 3347 boc
815 3290 919 3349 dicens
933 3291 1039 3350 attollit
1053 3292 1083 3352 in
1097 3312 1211 3371 aegrum
1303 3306 1307 3314 '

381 3380 420 3437 Se
434 3379 530 3437 lemur
548 3397 557 3449 ;
579 3387 621 3455 et,
636 3400 807 3458 quenquam
822 3383 866 3441 vis
881 3383 940 3441 alto
954 3385 1075 3444 vulnere
1088 3385 1198 3456 tendet,

380 3468 473 3530 Haud
486 3472 632 3548 dejectus,
647 3492 759 3550 equum
771 3475 841 3535 duci
857 3476 952 3551 jubet.
993 3476 1066 3536 Hoc
1079 3478 1172 3537 decus
1186 3478 1238 3550 illi,

378 3564 451 3623 Hoc
465 3565 600 3624 solamen
612 3575 677 3625 erat
691 3586 700 3637 ;
724 3568 809 3627 bellis
823 3569 881 3628 boc
895 3570 991 3629 victor
1005 3572 1106 3629 ebibet

380 3657 534 3719 omnibus.
577 3660 747 3736 Alloquitur
760 3670 947 3735 moerenlcm,
964 3672 994 3723 et
1007 3664 1116 3723 talibus
1130 3664 1193 3725 infit
1209 3683 1218 3723 z
1310 3668 1368 3726 880

380 3748 511 3823 Rhoebe,
527 3752 578 3811 diu
597 3754 661 3821 (res
675 3753 702 3811 si
715 3773 774 3830 qua
788 3754 839 3813 diu
852 3757 1027 3817 mortalibus
1040 3758 1103 3816 ulle
1121 3756 1194 3837 est,)

384 3840 534 3903 Viximus:
557 3854 609 3903 aut
622 3846 710 3905 bodie
724 3848 819 3907 victer
833 3850 928 3926 spolia
942 3850 993 3910 illa
1012 3861 1139 3911 cruente

379 3934 420 3995 Et
433 3946 523 4014 caput
536 3938 648 3998 AEnere
661 3941 788 4015 reseres,
803 3941 956 4019 Lausique
972 3944 1107 4003 dolorum

378 4026 464 4086 Ultor
477 4030 537 4087 eris
550 4049 668 4091 mecum
683 4051 691 4101 ;
716 4042 778 4105 aut,
795 4035 890 4112 aperit
905 4037 929 4095 si
944 4037 1026 4096 nulle
1038 4038 1118 4097 viam
1132 4038 1186 4111 vis,

378 4119 549 4181 Oocumbes
562 4125 683 4201 pariter.
726 4126 835 4204 Neque
850 4129 938 4201 enim,
954 4130 1123 4204 fortissime,
1139 4131 1241 4205 credo,
1309 4134 1367 4193 aab

377 4214 470 4275 Jusse
484 4217 582 4276 eliene
595 4222 655 4297 pati
668 4230 697 4279 et
712 4222 845 4283 dominos
859 4225 1021 4303 dignabere
1035 4227 1183 4287 Teucros.

377 4308 461 4367 Dixit
477 4328 485 4379 3
509 4319 539 4369 et
553 4323 696 4390 exceptus
710 4324 795 4393 tergo
809 4330 955 4377 consuete
968 4320 1078 4379 locavit

376 4400 524 4477 Membra,
539 4422 705 4485 manusque
719 4410 823 4468 ambos
832 4411 942 4488 jaculis
956 4414 1091 4473 oneravit
1105 4413 1212 4488 acutis,
