<?xml version="1.0" encoding="UTF-8"?>
<!DOCTYPE html PUBLIC "-//W3C//DTD XHTML 1.0 Transitional//EN"
    "http://www.w3.org/TR/xhtml1/DTD/xhtml1-transitional.dtd">
<html xmlns="http://www.w3.org/1999/xhtml" xml:lang="en" lang="en">
 <head>
  <title>
</title>
<meta http-equiv="Content-Type" content="text/html;charset=utf-8" />
  <meta name='ocr-system' content='tesseract 3.04.00' />
  <meta name='ocr-capabilities' content='ocr_page ocr_carea ocr_par ocr_line ocrx_word'/>
</head>
<body>
  <div class='ocr_page' id='page_1' title='image "./pvirgiliimaroni01bowegoog/pvirgiliimaroni01bowegoog_0236.png"; bbox 0 0 3167 5234; ppageno 0'>
   <div class='ocr_carea' id='block_1_1' title="bbox 378 550 1082 619">
    <p class='ocr_par' dir='ltr' id='par_1_1' title="bbox 378 550 1082 619">
     <span class='ocr_line' id='line_1_1' title="bbox 378 550 1082 619; baseline 0.007 -23"><span class='ocrx_word' id='word_1_1' title='bbox 378 558 440 619; x_wconf 54' lang='grc' dir='ltr'><strong><em>Μ</em></strong></span> <span class='ocrx_word' id='word_1_2' title='bbox 666 552 693 599; x_wconf 82' lang='lat' dir='ltr'><strong>P.</strong></span> <span class='ocrx_word' id='word_1_3' title='bbox 718 550 884 599; x_wconf 67' lang='lat' dir='ltr'><strong>vinoun</strong></span> <span class='ocrx_word' id='word_1_4' title='bbox 910 552 1082 601; x_wconf 76' lang='lat' dir='ltr'><strong>MAllOfflS</strong></span> 
     </span>
    </p>
   </div>
   <div class='ocr_carea' id='block_1_2' title="bbox 379 690 1371 2641">
    <p class='ocr_par' dir='ltr' id='par_1_2' title="bbox 379 690 1185 772">
     <span class='ocr_line' id='line_1_2' title="bbox 379 690 1185 772; baseline -0.002 -19"><span class='ocrx_word' id='word_1_5' title='bbox 379 695 500 772; x_wconf 88' lang='lat' dir='ltr'><strong>Tuque,</strong></span> <span class='ocrx_word' id='word_1_6' title='bbox 519 712 538 751; x_wconf 93' lang='lat' dir='ltr'><strong>o</strong></span> <span class='ocrx_word' id='word_1_7' title='bbox 551 691 646 769; x_wconf 83' lang='lat' dir='ltr'>Tybri</span> <span class='ocrx_word' id='word_1_8' title='bbox 660 699 713 749; x_wconf 93' lang='lat' dir='ltr'><strong>tuo</strong></span> <span class='ocrx_word' id='word_1_9' title='bbox 724 690 843 769; x_wconf 85' lang='lat' dir='ltr'><strong>genitor</strong></span> <span class='ocrx_word' id='word_1_10' title='bbox 855 708 924 750; x_wconf 89' lang='lat' dir='ltr'><strong>cum</strong></span> <span class='ocrx_word' id='word_1_11' title='bbox 937 692 1057 751; x_wconf 84' lang='lat' dir='ltr'><strong>flumine</strong></span> <span class='ocrx_word' id='word_1_12' title='bbox 1070 700 1185 764; x_wconf 67' lang='lat' dir='ltr'><strong>sermo,</strong></span> 
     </span>
    </p>

    <p class='ocr_par' dir='ltr' id='par_1_3' title="bbox 380 784 1106 867">
     <span class='ocr_line' id='line_1_3' title="bbox 380 784 1106 867; baseline -0.004 -20"><span class='ocrx_word' id='word_1_13' title='bbox 380 787 519 865; x_wconf 75' lang='lat' dir='ltr'>Accipite</span> <span class='ocrx_word' id='word_1_14' title='bbox 532 786 666 867; x_wconf 77' lang='lat' dir='ltr'><strong>AEneen,</strong></span> <span class='ocrx_word' id='word_1_15' title='bbox 683 791 714 841; x_wconf 90' lang='lat' dir='ltr'><strong>et</strong></span> <span class='ocrx_word' id='word_1_16' title='bbox 726 785 847 843; x_wconf 84' lang='lat' dir='ltr'><strong>tandem</strong></span> <span class='ocrx_word' id='word_1_17' title='bbox 861 794 963 843; x_wconf 78' lang='lat' dir='ltr'><strong>ueste</strong></span> <span class='ocrx_word' id='word_1_18' title='bbox 976 784 1106 862; x_wconf 88' lang='lat' dir='ltr'><strong>periclis.</strong></span> 
     </span>
    </p>

    <p class='ocr_par' dir='ltr' id='par_1_4' title="bbox 380 877 1365 1144">
     <span class='ocr_line' id='line_1_4' title="bbox 382 877 1278 956; baseline -0.001 -17"><span class='ocrx_word' id='word_1_19' title='bbox 382 880 452 947; x_wconf 81' lang='lat' dir='ltr'><strong>Quo</strong></span> <span class='ocrx_word' id='word_1_20' title='bbox 464 889 495 939; x_wconf 86' lang='lat' dir='ltr'><strong>te</strong></span> <span class='ocrx_word' id='word_1_21' title='bbox 509 878 745 956; x_wconf 72' lang='lat' dir='ltr'><strong>obsequelam,</strong></span> <span class='ocrx_word' id='word_1_22' title='bbox 762 878 954 937; x_wconf 70' lang='lat' dir='ltr'><strong>miserantem</strong></span> <span class='ocrx_word' id='word_1_23' title='bbox 967 877 1152 937; x_wconf 85' lang='lat' dir='ltr'><strong>incommode</strong></span> <span class='ocrx_word' id='word_1_24' title='bbox 1166 886 1278 953; x_wconf 69' lang='lat' dir='ltr'><strong>nome,</strong></span> 
     </span>
     <span class='ocr_line' id='line_1_5' title="bbox 380 970 1365 1049; baseline -0.002 -16"><span class='ocrx_word' id='word_1_25' title='bbox 380 972 478 1033; x_wconf 76' lang='lat' dir='ltr'><strong>Fonte</strong></span> <span class='ocrx_word' id='word_1_26' title='bbox 490 981 583 1043; x_wconf 88' lang='lat' dir='ltr'><strong>tenet,</strong></span> <span class='ocrx_word' id='word_1_27' title='bbox 600 988 789 1049; x_wconf 86' lang='lat' dir='ltr'><strong>quocumque</strong></span> <span class='ocrx_word' id='word_1_28' title='bbox 803 972 868 1029; x_wconf 87' lang='lat' dir='ltr'><strong>solo</strong></span> <span class='ocrx_word' id='word_1_29' title='bbox 882 970 1099 1048; x_wconf 89' lang='lat' dir='ltr'><strong>pulcherrimus</strong></span> <span class='ocrx_word' id='word_1_30' title='bbox 1113 972 1187 1044; x_wconf 84' lang='lat' dir='ltr'><strong>exis,</strong></span> <span class='ocrx_word' id='word_1_31' title='bbox 1325 974 1365 1031; x_wconf 75' lang='grc'><strong>75</strong></span> 
     </span>
     <span class='ocr_line' id='line_1_6' title="bbox 382 1063 1170 1144; baseline -0.003 -19"><span class='ocrx_word' id='word_1_32' title='bbox 382 1066 506 1144; x_wconf 86' lang='lat' dir='ltr'><strong>Semper</strong></span> <span class='ocrx_word' id='word_1_33' title='bbox 519 1066 632 1123; x_wconf 86' lang='lat' dir='ltr'><strong>bonore</strong></span> <span class='ocrx_word' id='word_1_34' title='bbox 644 1081 722 1133; x_wconf 90' lang='lat' dir='ltr'><strong>meo,</strong></span> <span class='ocrx_word' id='word_1_35' title='bbox 736 1080 855 1141; x_wconf 86' lang='lat' dir='ltr'><strong>semper</strong></span> <span class='ocrx_word' id='word_1_36' title='bbox 868 1064 1061 1123; x_wconf 76' lang='lat' dir='ltr'><strong>celebrabere</strong></span> <span class='ocrx_word' id='word_1_37' title='bbox 1074 1063 1170 1136; x_wconf 89' lang='lat' dir='ltr'><strong>donis,</strong></span> 
     </span>
    </p>

    <p class='ocr_par' dir='ltr' id='par_1_5' title="bbox 382 1156 1196 1237">
     <span class='ocr_line' id='line_1_7' title="bbox 382 1156 1196 1237; baseline -0.001 -18"><span class='ocrx_word' id='word_1_38' title='bbox 382 1158 533 1237; x_wconf 80' lang='lat' dir='ltr'>Corniger</span> <span class='ocrx_word' id='word_1_39' title='bbox 546 1156 750 1236; x_wconf 72' lang='lat' dir='ltr'><strong>Hesperidum</strong></span> <span class='ocrx_word' id='word_1_40' title='bbox 763 1156 871 1215; x_wconf 79' lang='lat' dir='ltr'><strong>fluvius</strong></span> <span class='ocrx_word' id='word_1_41' title='bbox 884 1166 1027 1235; x_wconf 88' lang='lat' dir='ltr'><strong>regnetur</strong></span> <span class='ocrx_word' id='word_1_42' title='bbox 1040 1176 1196 1233; x_wconf 78' lang='lat' dir='ltr'><strong>aquenum.</strong></span> 
     </span>
    </p>

    <p class='ocr_par' dir='ltr' id='par_1_6' title="bbox 381 1250 1283 1327">
     <span class='ocr_line' id='line_1_8' title="bbox 381 1250 1283 1327; baseline -0.003 -16"><span class='ocrx_word' id='word_1_43' title='bbox 381 1253 472 1311; x_wconf 82' lang='lat' dir='ltr'><strong>Adsis</strong></span> <span class='ocrx_word' id='word_1_44' title='bbox 485 1272 503 1310; x_wconf 94' lang='lat' dir='ltr'><strong>o</strong></span> <span class='ocrx_word' id='word_1_45' title='bbox 517 1250 642 1323; x_wconf 84' lang='lat' dir='ltr'><strong>tentirm,</strong></span> <span class='ocrx_word' id='word_1_46' title='bbox 657 1258 687 1309; x_wconf 90' lang='lat' dir='ltr'><strong>et</strong></span> <span class='ocrx_word' id='word_1_47' title='bbox 701 1250 822 1327; x_wconf 73' lang='lat' dir='ltr'><strong>propiis</strong></span> <span class='ocrx_word' id='word_1_48' title='bbox 836 1258 889 1308; x_wconf 90' lang='lat' dir='ltr'><strong>tue</strong></span> <span class='ocrx_word' id='word_1_49' title='bbox 902 1251 1023 1309; x_wconf 85' lang='lat' dir='ltr'><strong>numine</strong></span> <span class='ocrx_word' id='word_1_50' title='bbox 1036 1252 1136 1309; x_wconf 88' lang='lat' dir='ltr'><strong>firmes</strong></span> <span class='ocrx_word' id='word_1_51' title='bbox 1151 1254 1158 1309; x_wconf 88' lang='lat' dir='ltr'><strong>l</strong></span> <span class='ocrx_word' id='word_1_52' title='bbox 1280 1270 1283 1279; x_wconf 72' lang='grc'>’</span> 
     </span>
    </p>

    <p class='ocr_par' dir='ltr' id='par_1_7' title="bbox 380 1342 1366 1793">
     <span class='ocr_line' id='line_1_9' title="bbox 421 1342 1254 1421; baseline 0.001 -18"><span class='ocrx_word' id='word_1_53' title='bbox 421 1346 472 1403; x_wconf 92' lang='lat' dir='ltr'><strong>Sic</strong></span> <span class='ocrx_word' id='word_1_54' title='bbox 485 1352 639 1415; x_wconf 80' lang='lat' dir='ltr'><strong>memorat,</strong></span> <span class='ocrx_word' id='word_1_55' title='bbox 655 1342 852 1421; x_wconf 85' lang='lat' dir='ltr'><strong>geminosque</strong></span> <span class='ocrx_word' id='word_1_56' title='bbox 865 1343 937 1421; x_wconf 87' lang='lat' dir='ltr'><strong>legit</strong></span> <span class='ocrx_word' id='word_1_57' title='bbox 952 1343 988 1401; x_wconf 94' lang='lat' dir='ltr'><strong>de</strong></span> <span class='ocrx_word' id='word_1_58' title='bbox 1003 1344 1101 1402; x_wconf 79' lang='lat' dir='ltr'><strong>classe</strong></span> <span class='ocrx_word' id='word_1_59' title='bbox 1114 1344 1254 1418; x_wconf 85' lang='lat' dir='ltr'><strong>biremes,</strong></span> 
     </span>
     <span class='ocr_line' id='line_1_10' title="bbox 380 1436 1366 1516; baseline 0.001 -18"><span class='ocrx_word' id='word_1_60' title='bbox 380 1438 581 1516; x_wconf 80' lang='lat' dir='ltr'><strong>Remigioque</strong></span> <span class='ocrx_word' id='word_1_61' title='bbox 595 1446 675 1515; x_wconf 84' lang='lat' dir='ltr'><strong>aptet</strong></span> <span class='ocrx_word' id='word_1_62' title='bbox 691 1456 699 1507; x_wconf 92' lang='lat'>;</span> <span class='ocrx_word' id='word_1_63' title='bbox 722 1438 822 1495; x_wconf 89' lang='lat' dir='ltr'><strong>socius</strong></span> <span class='ocrx_word' id='word_1_64' title='bbox 836 1436 923 1495; x_wconf 90' lang='lat' dir='ltr'><strong>simul</strong></span> <span class='ocrx_word' id='word_1_65' title='bbox 937 1436 1055 1495; x_wconf 83' lang='lat' dir='ltr'><strong>instruit</strong></span> <span class='ocrx_word' id='word_1_66' title='bbox 1073 1439 1171 1497; x_wconf 83' lang='lat' dir='ltr'><strong>ermis.</strong></span> <span class='ocrx_word' id='word_1_67' title='bbox 1327 1442 1366 1499; x_wconf 77' lang='lat'><strong>80</strong></span> 
     </span>
     <span class='ocr_line' id='line_1_11' title="bbox 381 1530 1286 1606; baseline 0.002 -15"><span class='ocrx_word' id='word_1_68' title='bbox 381 1532 466 1591; x_wconf 85' lang='lat' dir='ltr'><strong>Ecce</strong></span> <span class='ocrx_word' id='word_1_69' title='bbox 480 1541 590 1603; x_wconf 89' lang='lat' dir='ltr'><strong>eutem,</strong></span> <span class='ocrx_word' id='word_1_70' title='bbox 605 1531 734 1589; x_wconf 88' lang='lat' dir='ltr'><strong>subitum</strong></span> <span class='ocrx_word' id='word_1_71' title='bbox 748 1540 839 1606; x_wconf 88' lang='lat' dir='ltr'><strong>atque</strong></span> <span class='ocrx_word' id='word_1_72' title='bbox 854 1530 950 1588; x_wconf 90' lang='lat' dir='ltr'><strong>oculis</strong></span> <span class='ocrx_word' id='word_1_73' title='bbox 963 1530 1098 1589; x_wconf 79' lang='lat' dir='ltr'><strong>mirabile</strong></span> <span class='ocrx_word' id='word_1_74' title='bbox 1111 1540 1286 1605; x_wconf 83' lang='lat' dir='ltr'><strong>monstrum,</strong></span> 
     </span>
     <span class='ocr_line' id='line_1_12' title="bbox 382 1622 1114 1702; baseline -0.004 -17"><span class='ocrx_word' id='word_1_75' title='bbox 382 1624 522 1685; x_wconf 75' lang='lat' dir='ltr'><strong>Candida</strong></span> <span class='ocrx_word' id='word_1_76' title='bbox 535 1642 590 1702; x_wconf 88' lang='lat' dir='ltr'><strong>per</strong></span> <span class='ocrx_word' id='word_1_77' title='bbox 601 1625 706 1683; x_wconf 84' lang='lat' dir='ltr'><strong>silvam</strong></span> <span class='ocrx_word' id='word_1_78' title='bbox 720 1642 789 1683; x_wconf 88' lang='lat' dir='ltr'><strong>cum</strong></span> <span class='ocrx_word' id='word_1_79' title='bbox 803 1622 875 1681; x_wconf 78' lang='lat' dir='ltr'><strong>fretu</strong></span> <span class='ocrx_word' id='word_1_80' title='bbox 890 1623 1032 1681; x_wconf 90' lang='lat' dir='ltr'><strong>concolor</strong></span> <span class='ocrx_word' id='word_1_81' title='bbox 1046 1624 1114 1683; x_wconf 91' lang='lat' dir='ltr'><strong>albo</strong></span> 
     </span>
     <span class='ocr_line' id='line_1_13' title="bbox 381 1716 1173 1793; baseline -0.004 -15"><span class='ocrx_word' id='word_1_82' title='bbox 381 1718 556 1788; x_wconf 82' lang='lat' dir='ltr'><strong>Procubuit,</strong></span> <span class='ocrx_word' id='word_1_83' title='bbox 572 1716 717 1793; x_wconf 88' lang='lat' dir='ltr'><strong>viridique</strong></span> <span class='ocrx_word' id='word_1_84' title='bbox 731 1717 762 1774; x_wconf 91' lang='lat' dir='ltr'><strong>in</strong></span> <span class='ocrx_word' id='word_1_85' title='bbox 775 1717 874 1775; x_wconf 87' lang='lat' dir='ltr'><strong>littore</strong></span> <span class='ocrx_word' id='word_1_86' title='bbox 890 1717 1081 1793; x_wconf 78' lang='lat' dir='ltr'><strong>conspicitur,</strong></span> <span class='ocrx_word' id='word_1_87' title='bbox 1098 1736 1173 1776; x_wconf 84' lang='lat' dir='ltr'><strong>sus:</strong></span> 
     </span>
    </p>

    <p class='ocr_par' dir='ltr' id='par_1_8' title="bbox 382 1810 1191 1888">
     <span class='ocr_line' id='line_1_14' title="bbox 382 1810 1191 1888; baseline 0.004 -21"><span class='ocrx_word' id='word_1_88' title='bbox 382 1810 483 1879; x_wconf 77' lang='lat' dir='ltr'><strong>Quem</strong></span> <span class='ocrx_word' id='word_1_89' title='bbox 497 1810 563 1888; x_wconf 88' lang='lat' dir='ltr'><strong>pius</strong></span> <span class='ocrx_word' id='word_1_90' title='bbox 575 1810 695 1869; x_wconf 85' lang='lat' dir='ltr'><strong>AEnees</strong></span> <span class='ocrx_word' id='word_1_91' title='bbox 707 1810 762 1868; x_wconf 89' lang='lat' dir='ltr'><strong>tibi</strong></span> <span class='ocrx_word' id='word_1_92' title='bbox 774 1810 863 1881; x_wconf 87' lang='lat' dir='ltr'><strong>enirn,</strong></span> <span class='ocrx_word' id='word_1_93' title='bbox 879 1810 943 1881; x_wconf 89' lang='lat' dir='ltr'><strong>tibi,</strong></span> <span class='ocrx_word' id='word_1_94' title='bbox 960 1810 1088 1868; x_wconf 85' lang='lat' dir='ltr'><strong>maxime</strong></span> <span class='ocrx_word' id='word_1_95' title='bbox 1099 1811 1191 1884; x_wconf 86' lang='lat' dir='ltr'><strong>June,</strong></span> 
     </span>
    </p>

    <p class='ocr_par' dir='ltr' id='par_1_9' title="bbox 381 1904 1368 2166">
     <span class='ocr_line' id='line_1_15' title="bbox 381 1904 1368 1982; baseline 0.004 -19"><span class='ocrx_word' id='word_1_96' title='bbox 381 1904 508 1976; x_wconf 75' lang='lat' dir='ltr'><strong>Mectet,</strong></span> <span class='ocrx_word' id='word_1_97' title='bbox 525 1922 614 1962; x_wconf 86' lang='lat' dir='ltr'><strong>secra</strong></span> <span class='ocrx_word' id='word_1_98' title='bbox 627 1904 738 1976; x_wconf 81' lang='lat' dir='ltr'><strong>serens,</strong></span> <span class='ocrx_word' id='word_1_99' title='bbox 754 1911 785 1961; x_wconf 89' lang='lat' dir='ltr'><strong>et</strong></span> <span class='ocrx_word' id='word_1_100' title='bbox 799 1922 867 1962; x_wconf 86' lang='lat' dir='ltr'><strong>curu</strong></span> <span class='ocrx_word' id='word_1_101' title='bbox 880 1922 974 1982; x_wconf 80' lang='lat' dir='ltr'><strong>grege</strong></span> <span class='ocrx_word' id='word_1_102' title='bbox 989 1906 1065 1964; x_wconf 87' lang='lat' dir='ltr'><strong>sistit</strong></span> <span class='ocrx_word' id='word_1_103' title='bbox 1079 1905 1117 1963; x_wconf 91' lang='lat' dir='ltr'><strong>ed</strong></span> <span class='ocrx_word' id='word_1_104' title='bbox 1131 1924 1222 1966; x_wconf 87' lang='lat' dir='ltr'><strong>erem.</strong></span> <span class='ocrx_word' id='word_1_105' title='bbox 1329 1910 1368 1967; x_wconf 76' lang='grc'><strong>85</strong></span> 
     </span>
     <span class='ocr_line' id='line_1_16' title="bbox 381 1997 1249 2077; baseline 0.003 -20"><span class='ocrx_word' id='word_1_106' title='bbox 381 2000 492 2076; x_wconf 84' lang='lat' dir='ltr'><strong>Tybris</strong></span> <span class='ocrx_word' id='word_1_107' title='bbox 505 1997 545 2057; x_wconf 76' lang='lat' dir='ltr'><strong>esi</strong></span> <span class='ocrx_word' id='word_1_108' title='bbox 557 1998 689 2071; x_wconf 82' lang='lat' dir='ltr'><strong>fluvium,</strong></span> <span class='ocrx_word' id='word_1_109' title='bbox 706 2000 796 2075; x_wconf 72' lang='lat' dir='ltr'><strong>quem</strong></span> <span class='ocrx_word' id='word_1_110' title='bbox 809 1998 900 2077; x_wconf 87' lang='lat' dir='ltr'><strong>louge</strong></span> <span class='ocrx_word' id='word_1_111' title='bbox 913 2008 969 2070; x_wconf 88' lang='lat' dir='ltr'><strong>est,</strong></span> <span class='ocrx_word' id='word_1_112' title='bbox 986 2008 1073 2058; x_wconf 89' lang='lat' dir='ltr'><strong>nocte</strong></span> <span class='ocrx_word' id='word_1_113' title='bbox 1087 2009 1249 2060; x_wconf 86' lang='lat' dir='ltr'><strong>tumentem</strong></span> 
     </span>
     <span class='ocr_line' id='line_1_17' title="bbox 381 2091 1092 2166; baseline -0.003 -13"><span class='ocrx_word' id='word_1_114' title='bbox 381 2092 492 2164; x_wconf 90' lang='lat' dir='ltr'><strong>Leuiit,</strong></span> <span class='ocrx_word' id='word_1_115' title='bbox 509 2100 539 2151; x_wconf 87' lang='lat' dir='ltr'><strong>et</strong></span> <span class='ocrx_word' id='word_1_116' title='bbox 551 2091 646 2151; x_wconf 75' lang='lat' dir='ltr'><strong>tecitd</strong></span> <span class='ocrx_word' id='word_1_117' title='bbox 659 2093 790 2150; x_wconf 83' lang='lat' dir='ltr'><strong>refluens</strong></span> <span class='ocrx_word' id='word_1_118' title='bbox 803 2092 845 2151; x_wconf 90' lang='lat' dir='ltr'><strong>ita</strong></span> <span class='ocrx_word' id='word_1_119' title='bbox 859 2092 989 2151; x_wconf 76' lang='lat' dir='ltr'><strong>substitit</strong></span> <span class='ocrx_word' id='word_1_120' title='bbox 1003 2092 1092 2166; x_wconf 69' lang='lat' dir='ltr'><strong>unde,</strong></span> 
     </span>
    </p>

    <p class='ocr_par' dir='ltr' id='par_1_10' title="bbox 382 2184 1132 2264">
     <span class='ocr_line' id='line_1_18' title="bbox 382 2184 1132 2264; baseline 0.003 -20"><span class='ocrx_word' id='word_1_121' title='bbox 382 2186 466 2245; x_wconf 87' lang='lat' dir='ltr'><strong>Mitis</strong></span> <span class='ocrx_word' id='word_1_122' title='bbox 480 2186 556 2244; x_wconf 87' lang='lat' dir='ltr'><strong>utin</strong></span> <span class='ocrx_word' id='word_1_123' title='bbox 569 2205 681 2243; x_wconf 88' lang='lat' dir='ltr'><strong>morem</strong></span> <span class='ocrx_word' id='word_1_124' title='bbox 694 2186 794 2263; x_wconf 85' lang='lat' dir='ltr'><strong>stagni</strong></span> <span class='ocrx_word' id='word_1_125' title='bbox 809 2184 994 2263; x_wconf 71' lang='lat' dir='ltr'><strong>placideque</strong></span> <span class='ocrx_word' id='word_1_126' title='bbox 1016 2188 1132 2264; x_wconf 79' lang='lat' dir='ltr'><strong>paludis</strong></span> 
     </span>
    </p>

    <p class='ocr_par' dir='ltr' id='par_1_11' title="bbox 384 2279 1209 2355">
     <span class='ocr_line' id='line_1_19' title="bbox 384 2279 1209 2355; baseline 0.005 -17"><span class='ocrx_word' id='word_1_127' title='bbox 384 2282 536 2338; x_wconf 87' lang='lat' dir='ltr'><strong>Sterneret</strong></span> <span class='ocrx_word' id='word_1_128' title='bbox 550 2297 654 2355; x_wconf 75' lang='lat' dir='ltr'><strong>sequor</strong></span> <span class='ocrx_word' id='word_1_129' title='bbox 665 2279 762 2355; x_wconf 83' lang='lat' dir='ltr'><strong>equis,</strong></span> <span class='ocrx_word' id='word_1_130' title='bbox 776 2298 860 2338; x_wconf 91' lang='lat' dir='ltr'><strong>remo</strong></span> <span class='ocrx_word' id='word_1_131' title='bbox 873 2287 905 2337; x_wconf 91' lang='lat' dir='ltr'><strong>ut</strong></span> <span class='ocrx_word' id='word_1_132' title='bbox 918 2279 1066 2338; x_wconf 87' lang='lat' dir='ltr'><strong>luctemeu</strong></span> <span class='ocrx_word' id='word_1_133' title='bbox 1081 2284 1209 2342; x_wconf 86' lang='lat' dir='ltr'><strong>obesset.</strong></span> 
     </span>
    </p>

    <p class='ocr_par' dir='ltr' id='par_1_12' title="bbox 381 2371 1371 2543">
     <span class='ocr_line' id='line_1_20' title="bbox 381 2371 1371 2451; baseline 0.006 -19"><span class='ocrx_word' id='word_1_134' title='bbox 381 2371 467 2451; x_wconf 80' lang='lat' dir='ltr'><strong>Ergo</strong></span> <span class='ocrx_word' id='word_1_135' title='bbox 481 2373 537 2431; x_wconf 87' lang='lat' dir='ltr'><strong>iter</strong></span> <span class='ocrx_word' id='word_1_136' title='bbox 550 2373 700 2450; x_wconf 88' lang='lat' dir='ltr'><strong>inceptum</strong></span> <span class='ocrx_word' id='word_1_137' title='bbox 714 2374 849 2431; x_wconf 86' lang='lat' dir='ltr'><strong>celerent</strong></span> <span class='ocrx_word' id='word_1_138' title='bbox 863 2379 871 2442; x_wconf 80' lang='lat'><strong>&#39;3</strong></span> <span class='ocrx_word' id='word_1_139' title='bbox 898 2392 1016 2432; x_wconf 91' lang='lat' dir='ltr'><strong>rumore</strong></span> <span class='ocrx_word' id='word_1_140' title='bbox 1031 2376 1164 2436; x_wconf 91' lang='lat' dir='ltr'><strong>secundo</strong></span> <span class='ocrx_word' id='word_1_141' title='bbox 1331 2380 1371 2437; x_wconf 79' lang='grc'><strong>90</strong></span> 
     </span>
     <span class='ocr_line' id='line_1_21' title="bbox 382 2465 1154 2543; baseline 0.005 -18"><span class='ocrx_word' id='word_1_142' title='bbox 382 2465 509 2525; x_wconf 87' lang='lat' dir='ltr'><strong>Lebitur</strong></span> <span class='ocrx_word' id='word_1_143' title='bbox 521 2474 612 2525; x_wconf 85' lang='lat' dir='ltr'><strong>uncte</strong></span> <span class='ocrx_word' id='word_1_144' title='bbox 625 2466 710 2525; x_wconf 83' lang='lat' dir='ltr'><strong>vedis</strong></span> <span class='ocrx_word' id='word_1_145' title='bbox 722 2467 807 2525; x_wconf 88' lang='lat' dir='ltr'><strong>abies</strong></span> <span class='ocrx_word' id='word_1_146' title='bbox 823 2486 830 2523; x_wconf 95' lang='lat'><strong>:</strong></span> <span class='ocrx_word' id='word_1_147' title='bbox 852 2467 998 2527; x_wconf 89' lang='lat' dir='ltr'><strong>mirentur</strong></span> <span class='ocrx_word' id='word_1_148' title='bbox 1013 2478 1042 2526; x_wconf 89' lang='lat' dir='ltr'><strong>et</strong></span> <span class='ocrx_word' id='word_1_149' title='bbox 1057 2470 1154 2543; x_wconf 70' lang='lat' dir='ltr'><strong>unde),</strong></span> 
     </span>
    </p>

    <p class='ocr_par' dir='ltr' id='par_1_13' title="bbox 383 2558 1060 2641">
     <span class='ocr_line' id='line_1_22' title="bbox 383 2558 1060 2641; baseline 0.003 -23"><span class='ocrx_word' id='word_1_150' title='bbox 383 2558 511 2618; x_wconf 85' lang='lat' dir='ltr'><strong>Miretur</strong></span> <span class='ocrx_word' id='word_1_151' title='bbox 524 2577 629 2617; x_wconf 86' lang='lat' dir='ltr'><strong>neurus</strong></span> <span class='ocrx_word' id='word_1_152' title='bbox 642 2560 791 2618; x_wconf 87' lang='lat' dir='ltr'><strong>insuetum</strong></span> <span class='ocrx_word' id='word_1_153' title='bbox 806 2560 952 2639; x_wconf 87' lang='lat' dir='ltr'><strong>fulgentia</strong></span> <span class='ocrx_word' id='word_1_154' title='bbox 972 2562 1060 2641; x_wconf 81' lang='lat' dir='ltr'><strong>loogd</strong></span> 
     </span>
    </p>
   </div>
   <div class='ocr_carea' id='block_1_3' title="bbox 384 2648 1131 2731">
    <p class='ocr_par' dir='ltr' id='par_1_14' title="bbox 384 2648 1131 2731">
     <span class='ocr_line' id='line_1_23' title="bbox 384 2648 1131 2731; baseline 0.007 -20"><span class='ocrx_word' id='word_1_155' title='bbox 384 2653 477 2711; x_wconf 88' lang='lat' dir='ltr'><strong>Scute</strong></span> <span class='ocrx_word' id='word_1_156' title='bbox 490 2648 595 2724; x_wconf 79' lang='lat' dir='ltr'><strong>virdm,</strong></span> <span class='ocrx_word' id='word_1_157' title='bbox 610 2653 701 2711; x_wconf 85' lang='lat' dir='ltr'><strong>tlurio</strong></span> <span class='ocrx_word' id='word_1_158' title='bbox 716 2654 871 2731; x_wconf 88' lang='lat' dir='ltr'><strong>pictasque</strong></span> <span class='ocrx_word' id='word_1_159' title='bbox 886 2654 989 2713; x_wconf 86' lang='lat' dir='ltr'><strong>innare</strong></span> <span class='ocrx_word' id='word_1_160' title='bbox 1004 2657 1131 2716; x_wconf 81' lang='lat' dir='ltr'><strong>carinas.</strong></span> 
     </span>
    </p>
   </div>
   <div class='ocr_carea' id='block_1_4' title="bbox 382 2746 1370 4418">
    <p class='ocr_par' dir='ltr' id='par_1_15' title="bbox 382 2746 1370 4418">
     <span class='ocr_line' id='line_1_24' title="bbox 383 2746 1074 2827; baseline 0.003 -21"><span class='ocrx_word' id='word_1_161' title='bbox 383 2746 442 2806; x_wconf 90' lang='lat' dir='ltr'><strong>Olli</strong></span> <span class='ocrx_word' id='word_1_162' title='bbox 456 2746 581 2824; x_wconf 87' lang='lat' dir='ltr'><strong>remigio</strong></span> <span class='ocrx_word' id='word_1_163' title='bbox 595 2756 772 2822; x_wconf 83' lang='lat' dir='ltr'><strong>noctemque</strong></span> <span class='ocrx_word' id='word_1_164' title='bbox 786 2746 924 2824; x_wconf 85' lang='lat' dir='ltr'><strong>diemque</strong></span> <span class='ocrx_word' id='word_1_165' title='bbox 938 2748 1074 2827; x_wconf 77' lang='lat' dir='ltr'><strong>fatigent,</strong></span> 
     </span>
     <span class='ocr_line' id='line_1_25' title="bbox 382 2838 1370 2920; baseline 0.006 -22"><span class='ocrx_word' id='word_1_166' title='bbox 382 2838 423 2898; x_wconf 77' lang='lat' dir='ltr'><strong>nt</strong></span> <span class='ocrx_word' id='word_1_167' title='bbox 437 2841 543 2917; x_wconf 89' lang='lat' dir='ltr'><strong>longos</strong></span> <span class='ocrx_word' id='word_1_168' title='bbox 557 2847 698 2917; x_wconf 89' lang='lat' dir='ltr'><strong>superent</strong></span> <span class='ocrx_word' id='word_1_169' title='bbox 713 2838 819 2910; x_wconf 83' lang='lat' dir='ltr'><strong>flexus,</strong></span> <span class='ocrx_word' id='word_1_170' title='bbox 835 2841 986 2917; x_wconf 75' lang='lat' dir='ltr'><strong>yeriisque</strong></span> <span class='ocrx_word' id='word_1_171' title='bbox 1000 2850 1143 2920; x_wconf 87' lang='lat' dir='ltr'><strong>teguntur</strong></span> <span class='ocrx_word' id='word_1_172' title='bbox 1330 2844 1370 2903; x_wconf 88' lang='grc'><strong>95</strong></span> 
     </span>
     <span class='ocr_line' id='line_1_26' title="bbox 383 2929 1251 3019; baseline 0.007 -29"><span class='ocrx_word' id='word_1_173' title='bbox 383 2929 560 3005; x_wconf 76' lang='lat' dir='ltr'><strong>Arboribus,</strong></span> <span class='ocrx_word' id='word_1_174' title='bbox 576 2933 746 3009; x_wconf 85' lang='lat' dir='ltr'><strong>viridesque</strong></span> <span class='ocrx_word' id='word_1_175' title='bbox 760 2935 996 3019; x_wconf 64' lang='lat' dir='ltr'><strong>secenqplecido</strong></span> <span class='ocrx_word' id='word_1_176' title='bbox 1011 2956 1131 3012; x_wconf 72' lang='lat' dir='ltr'><strong>equore</strong></span> <span class='ocrx_word' id='word_1_177' title='bbox 1147 2938 1251 2998; x_wconf 83' lang='lat' dir='ltr'><strong>silves.</strong></span> 
     </span>
     <span class='ocr_line' id='line_1_27' title="bbox 383 3026 1140 3107; baseline 0.008 -24"><span class='ocrx_word' id='word_1_178' title='bbox 383 3026 435 3083; x_wconf 79' lang='lat' dir='ltr'><strong>eol</strong></span> <span class='ocrx_word' id='word_1_179' title='bbox 449 3026 576 3084; x_wconf 87' lang='lat' dir='ltr'><strong>medium</strong></span> <span class='ocrx_word' id='word_1_180' title='bbox 590 3026 660 3085; x_wconf 84' lang='lat' dir='ltr'><strong>coali</strong></span> <span class='ocrx_word' id='word_1_181' title='bbox 675 3028 892 3085; x_wconf 89' lang='lat' dir='ltr'><strong>conscenderet</strong></span> <span class='ocrx_word' id='word_1_182' title='bbox 907 3029 1013 3107; x_wconf 88' lang='lat' dir='ltr'><strong>igneus</strong></span> <span class='ocrx_word' id='word_1_183' title='bbox 1027 3033 1140 3104; x_wconf 88' lang='lat' dir='ltr'><strong>orbem,</strong></span> 
     </span>
     <span class='ocr_line' id='line_1_28' title="bbox 384 3118 1219 3197; baseline 0.01 -20"><span class='ocrx_word' id='word_1_184' title='bbox 384 3118 485 3185; x_wconf 81' lang='lat' dir='ltr'><strong>Quum</strong></span> <span class='ocrx_word' id='word_1_185' title='bbox 498 3138 609 3189; x_wconf 89' lang='lat' dir='ltr'><strong>muros,</strong></span> <span class='ocrx_word' id='word_1_186' title='bbox 624 3136 786 3196; x_wconf 74' lang='lat' dir='ltr'><strong>arcemque</strong></span> <span class='ocrx_word' id='word_1_187' title='bbox 802 3121 915 3197; x_wconf 91' lang='lat' dir='ltr'><strong>procul,</strong></span> <span class='ocrx_word' id='word_1_188' title='bbox 932 3141 969 3181; x_wconf 88' lang='lat' dir='ltr'><strong>ec</strong></span> <span class='ocrx_word' id='word_1_189' title='bbox 983 3142 1052 3181; x_wconf 85' lang='lat' dir='ltr'><strong>rere</strong></span> <span class='ocrx_word' id='word_1_190' title='bbox 1065 3124 1219 3185; x_wconf 85' lang='lat' dir='ltr'><strong>domorum</strong></span> 
     </span>
     <span class='ocr_line' id='line_1_29' title="bbox 382 3210 1172 3292; baseline 0.009 -21"><span class='ocrx_word' id='word_1_191' title='bbox 382 3212 480 3271; x_wconf 85' lang='lat' dir='ltr'><strong>Tecte</strong></span> <span class='ocrx_word' id='word_1_192' title='bbox 494 3210 604 3283; x_wconf 84' lang='lat' dir='ltr'><strong>vident,</strong></span> <span class='ocrx_word' id='word_1_193' title='bbox 622 3232 688 3288; x_wconf 74' lang='lat' dir='ltr'><strong>quie</strong></span> <span class='ocrx_word' id='word_1_194' title='bbox 702 3232 782 3271; x_wconf 91' lang='lat' dir='ltr'><strong>nunc</strong></span> <span class='ocrx_word' id='word_1_195' title='bbox 796 3214 934 3274; x_wconf 87' lang='lat' dir='ltr'><strong>Romane</strong></span> <span class='ocrx_word' id='word_1_196' title='bbox 948 3217 1079 3292; x_wconf 89' lang='lat' dir='ltr'><strong>potentie</strong></span> <span class='ocrx_word' id='word_1_197' title='bbox 1094 3219 1172 3279; x_wconf 83' lang='lat' dir='ltr'><strong>coelo</strong></span> 
     </span>
     <span class='ocr_line' id='line_1_30' title="bbox 382 3304 1370 3384; baseline 0.007 -18"><span class='ocrx_word' id='word_1_198' title='bbox 382 3304 530 3383; x_wconf 78' lang='lat' dir='ltr'><strong>AEquevit</strong></span> <span class='ocrx_word' id='word_1_199' title='bbox 544 3325 552 3375; x_wconf 92' lang='lat'>;</span> <span class='ocrx_word' id='word_1_200' title='bbox 575 3312 638 3365; x_wconf 91' lang='lat' dir='ltr'><strong>tum</strong></span> <span class='ocrx_word' id='word_1_201' title='bbox 651 3324 701 3364; x_wconf 89' lang='lat' dir='ltr'><strong>res</strong></span> <span class='ocrx_word' id='word_1_202' title='bbox 714 3306 818 3384; x_wconf 85' lang='lat' dir='ltr'><strong>inopes</strong></span> <span class='ocrx_word' id='word_1_203' title='bbox 831 3307 991 3367; x_wconf 82' lang='lat' dir='ltr'><strong>Evandrus</strong></span> <span class='ocrx_word' id='word_1_204' title='bbox 1006 3310 1145 3371; x_wconf 79' lang='lat' dir='ltr'><strong>habebut.</strong></span> <span class='ocrx_word' id='word_1_205' title='bbox 1314 3314 1370 3373; x_wconf 85' lang='lat'><strong>100</strong></span> 
     </span>
     <span class='ocr_line' id='line_1_31' title="bbox 383 3396 1143 3479; baseline 0.005 -20"><span class='ocrx_word' id='word_1_206' title='bbox 383 3396 479 3459; x_wconf 82' lang='lat' dir='ltr'><strong>Ociirs</strong></span> <span class='ocrx_word' id='word_1_207' title='bbox 492 3399 649 3458; x_wconf 82' lang='lat' dir='ltr'><strong>advertunt</strong></span> <span class='ocrx_word' id='word_1_208' title='bbox 663 3418 778 3476; x_wconf 88' lang='lat' dir='ltr'><strong>proras,</strong></span> <span class='ocrx_word' id='word_1_209' title='bbox 796 3402 922 3477; x_wconf 88' lang='lat' dir='ltr'><strong>urbique</strong></span> <span class='ocrx_word' id='word_1_210' title='bbox 937 3403 1143 3479; x_wconf 84' lang='lat' dir='ltr'><strong>propinquent.</strong></span> 
     </span>
     <span class='ocr_line' id='line_1_32' title="bbox 421 3492 1149 3557; baseline 0.005 -5"><span class='ocrx_word' id='word_1_211' title='bbox 421 3492 514 3552; x_wconf 76' lang='lat' dir='ltr'><strong>Forte</strong></span> <span class='ocrx_word' id='word_1_212' title='bbox 528 3492 576 3550; x_wconf 87' lang='lat' dir='ltr'><strong>dle</strong></span> <span class='ocrx_word' id='word_1_213' title='bbox 589 3493 752 3551; x_wconf 86' lang='lat' dir='ltr'><strong>solemnem</strong></span> <span class='ocrx_word' id='word_1_214' title='bbox 766 3493 817 3551; x_wconf 88' lang='lat' dir='ltr'><strong>illo</strong></span> <span class='ocrx_word' id='word_1_215' title='bbox 831 3512 884 3553; x_wconf 88' lang='lat' dir='ltr'><strong>rex</strong></span> <span class='ocrx_word' id='word_1_216' title='bbox 897 3496 994 3553; x_wconf 85' lang='lat' dir='ltr'><strong>Arces</strong></span> <span class='ocrx_word' id='word_1_217' title='bbox 1009 3496 1149 3557; x_wconf 87' lang='lat' dir='ltr'><strong>honorem</strong></span> 
     </span>
     <span class='ocr_line' id='line_1_33' title="bbox 382 3586 1059 3665; baseline 0.001 -18"><span class='ocrx_word' id='word_1_218' title='bbox 382 3586 655 3665; x_wconf 79' lang='lat' dir='ltr'><strong>Amphitryoniadae</strong></span> <span class='ocrx_word' id='word_1_219' title='bbox 669 3606 780 3665; x_wconf 89' lang='lat' dir='ltr'><strong>megno</strong></span> <span class='ocrx_word' id='word_1_220' title='bbox 792 3588 928 3665; x_wconf 87' lang='lat' dir='ltr'><strong>divisque</strong></span> <span class='ocrx_word' id='word_1_221' title='bbox 943 3589 1059 3649; x_wconf 80' lang='lat' dir='ltr'><strong>ferebat</strong></span> 
     </span>
     <span class='ocr_line' id='line_1_34' title="bbox 382 3681 1120 3759; baseline 0.003 -16"><span class='ocrx_word' id='word_1_222' title='bbox 382 3684 461 3743; x_wconf 85' lang='lat' dir='ltr'><strong>Ante</strong></span> <span class='ocrx_word' id='word_1_223' title='bbox 477 3684 579 3741; x_wconf 87' lang='lat' dir='ltr'><strong>urbem</strong></span> <span class='ocrx_word' id='word_1_224' title='bbox 593 3682 624 3740; x_wconf 92' lang='lat' dir='ltr'><strong>in</strong></span> <span class='ocrx_word' id='word_1_225' title='bbox 638 3681 716 3741; x_wconf 87' lang='lat' dir='ltr'><strong>luco.</strong></span> <span class='ocrx_word' id='word_1_226' title='bbox 756 3682 859 3741; x_wconf 86' lang='lat' dir='ltr'><strong>Pelles</strong></span> <span class='ocrx_word' id='word_1_227' title='bbox 873 3683 943 3741; x_wconf 91' lang='lat' dir='ltr'><strong>huic</strong></span> <span class='ocrx_word' id='word_1_228' title='bbox 957 3684 1036 3743; x_wconf 86' lang='lat' dir='ltr'><strong>filius</strong></span> <span class='ocrx_word' id='word_1_229' title='bbox 1050 3685 1120 3759; x_wconf 72' lang='lat' dir='ltr'><strong>und,</strong></span> 
     </span>
     <span class='ocr_line' id='line_1_35' title="bbox 382 3774 1369 3856; baseline 0.006 -19"><span class='ocrx_word' id='word_1_230' title='bbox 382 3774 453 3837; x_wconf 76' lang='lat' dir='ltr'><strong>Une</strong></span> <span class='ocrx_word' id='word_1_231' title='bbox 465 3794 568 3835; x_wconf 89' lang='lat' dir='ltr'><strong>omnes</strong></span> <span class='ocrx_word' id='word_1_232' title='bbox 577 3777 720 3853; x_wconf 85' lang='lat' dir='ltr'><strong>juvenum</strong></span> <span class='ocrx_word' id='word_1_233' title='bbox 734 3776 830 3855; x_wconf 89' lang='lat' dir='ltr'><strong>primi,</strong></span> <span class='ocrx_word' id='word_1_234' title='bbox 847 3796 1019 3856; x_wconf 79' lang='lat' dir='ltr'><strong>pauperque</strong></span> <span class='ocrx_word' id='word_1_235' title='bbox 1034 3788 1166 3855; x_wconf 77' lang='lat' dir='ltr'><strong>senatus,</strong></span> <span class='ocrx_word' id='word_1_236' title='bbox 1314 3784 1369 3842; x_wconf 83' lang='lat'><strong>105</strong></span> 
     </span>
     <span class='ocr_line' id='line_1_36' title="bbox 383 3867 1210 3948; baseline 0.01 -19"><span class='ocrx_word' id='word_1_237' title='bbox 383 3867 489 3929; x_wconf 84' lang='lat' dir='ltr'><strong>There</strong></span> <span class='ocrx_word' id='word_1_238' title='bbox 502 3870 623 3942; x_wconf 90' lang='lat' dir='ltr'><strong>debent,</strong></span> <span class='ocrx_word' id='word_1_239' title='bbox 638 3870 816 3948; x_wconf 84' lang='lat' dir='ltr'><strong>tepidusque</strong></span> <span class='ocrx_word' id='word_1_240' title='bbox 830 3890 920 3929; x_wconf 87' lang='lat' dir='ltr'><strong>cruor</strong></span> <span class='ocrx_word' id='word_1_241' title='bbox 933 3873 1065 3932; x_wconf 83' lang='lat' dir='ltr'><strong>sumebat</strong></span> <span class='ocrx_word' id='word_1_242' title='bbox 1079 3875 1117 3934; x_wconf 90' lang='lat' dir='ltr'><strong>ed</strong></span> <span class='ocrx_word' id='word_1_243' title='bbox 1131 3894 1210 3937; x_wconf 80' lang='lat' dir='ltr'><strong>eree.</strong></span> 
     </span>
     <span class='ocr_line' id='line_1_37' title="bbox 383 3962 1097 4043; baseline 0.008 -23"><span class='ocrx_word' id='word_1_244' title='bbox 383 3962 424 4021; x_wconf 86' lang='lat' dir='ltr'><strong>Ut</strong></span> <span class='ocrx_word' id='word_1_245' title='bbox 438 3963 536 4021; x_wconf 88' lang='lat' dir='ltr'><strong>celsas</strong></span> <span class='ocrx_word' id='word_1_246' title='bbox 549 3962 651 4023; x_wconf 74' lang='lat' dir='ltr'><strong>vidire</strong></span> <span class='ocrx_word' id='word_1_247' title='bbox 665 3972 756 4036; x_wconf 86' lang='lat' dir='ltr'><strong>retes,</strong></span> <span class='ocrx_word' id='word_1_248' title='bbox 774 3972 865 4041; x_wconf 89' lang='lat' dir='ltr'><strong>etque</strong></span> <span class='ocrx_word' id='word_1_249' title='bbox 879 3966 957 4024; x_wconf 90' lang='lat' dir='ltr'><strong>inter</strong></span> <span class='ocrx_word' id='word_1_250' title='bbox 972 3986 1097 4043; x_wconf 86' lang='lat' dir='ltr'><strong>opacum</strong></span> 
     </span>
     <span class='ocr_line' id='line_1_38' title="bbox 383 4055 1080 4130; baseline 0.006 -15"><span class='ocrx_word' id='word_1_251' title='bbox 383 4055 485 4115; x_wconf 87' lang='lat' dir='ltr'><strong>Allebi</strong></span> <span class='ocrx_word' id='word_1_252' title='bbox 497 4075 612 4128; x_wconf 88' lang='lat' dir='ltr'><strong>nemus,</strong></span> <span class='ocrx_word' id='word_1_253' title='bbox 628 4063 658 4115; x_wconf 91' lang='lat' dir='ltr'><strong>et</strong></span> <span class='ocrx_word' id='word_1_254' title='bbox 671 4057 770 4116; x_wconf 88' lang='lat' dir='ltr'><strong>tacitis</strong></span> <span class='ocrx_word' id='word_1_255' title='bbox 783 4058 955 4118; x_wconf 87' lang='lat' dir='ltr'><strong>incumbere</strong></span> <span class='ocrx_word' id='word_1_256' title='bbox 969 4061 1060 4119; x_wconf 85' lang='lat' dir='ltr'><strong>remis</strong></span> <span class='ocrx_word' id='word_1_257' title='bbox 1072 4080 1080 4130; x_wconf 93' lang='lat'>;</span> 
     </span>
     <span class='ocr_line' id='line_1_39' title="bbox 383 4148 1055 4228; baseline 0.009 -22"><span class='ocrx_word' id='word_1_258' title='bbox 383 4148 551 4208; x_wconf 88' lang='lat' dir='ltr'><strong>Terrentur</strong></span> <span class='ocrx_word' id='word_1_259' title='bbox 564 4151 628 4208; x_wconf 85' lang='lat' dir='ltr'><strong>risu</strong></span> <span class='ocrx_word' id='word_1_260' title='bbox 643 4151 751 4223; x_wconf 88' lang='lat' dir='ltr'><strong>subito,</strong></span> <span class='ocrx_word' id='word_1_261' title='bbox 768 4152 928 4228; x_wconf 86' lang='lat' dir='ltr'><strong>cunctique</strong></span> <span class='ocrx_word' id='word_1_262' title='bbox 942 4153 1055 4213; x_wconf 90' lang='lat' dir='ltr'><strong>relictis</strong></span> 
     </span>
     <span class='ocr_line' id='line_1_40' title="bbox 384 4238 1369 4324; baseline 0.009 -25"><span class='ocrx_word' id='word_1_263' title='bbox 384 4238 580 4319; x_wconf 83' lang='lat' dir='ltr'><strong>Consurgunt</strong></span> <span class='ocrx_word' id='word_1_264' title='bbox 592 4244 711 4302; x_wconf 89' lang='lat' dir='ltr'><strong>mensis.</strong></span> <span class='ocrx_word' id='word_1_265' title='bbox 755 4244 863 4303; x_wconf 75' lang='lat' dir='ltr'><strong>Auden</strong></span> <span class='ocrx_word' id='word_1_266' title='bbox 878 4265 953 4323; x_wconf 91' lang='lat' dir='ltr'><strong>quos</strong></span> <span class='ocrx_word' id='word_1_267' title='bbox 966 4264 1104 4324; x_wconf 86' lang='lat' dir='ltr'><strong>rumpere</strong></span> <span class='ocrx_word' id='word_1_268' title='bbox 1117 4246 1220 4311; x_wconf 80' lang='lat' dir='ltr'><strong>Pallas</strong></span> <span class='ocrx_word' id='word_1_269' title='bbox 1311 4250 1369 4309; x_wconf 88' lang='lat'><strong>110</strong></span> 
     </span>
     <span class='ocr_line' id='line_1_41' title="bbox 385 4334 1132 4418; baseline 0.013 -27"><span class='ocrx_word' id='word_1_270' title='bbox 385 4334 482 4392; x_wconf 85' lang='lat' dir='ltr'><strong>Sacra</strong></span> <span class='ocrx_word' id='word_1_271' title='bbox 494 4340 585 4408; x_wconf 79' lang='lat' dir='ltr'><strong>vetet,</strong></span> <span class='ocrx_word' id='word_1_272' title='bbox 600 4345 746 4415; x_wconf 87' lang='lat' dir='ltr'><strong>raptoque</strong></span> <span class='ocrx_word' id='word_1_273' title='bbox 759 4338 839 4397; x_wconf 85' lang='lat' dir='ltr'><strong>volat</strong></span> <span class='ocrx_word' id='word_1_274' title='bbox 853 4340 912 4399; x_wconf 90' lang='lat' dir='ltr'><strong>telo</strong></span> <span class='ocrx_word' id='word_1_275' title='bbox 926 4340 1031 4399; x_wconf 81' lang='lat' dir='ltr'><strong>obrius</strong></span> <span class='ocrx_word' id='word_1_276' title='bbox 1044 4341 1107 4418; x_wconf 87' lang='lat' dir='ltr'><strong>ipse</strong></span> <span class='ocrx_word' id='word_1_277' title='bbox 1124 4360 1132 4414; x_wconf 79' lang='lat'>3</span> 
     </span>
    </p>
   </div>
   <div class='ocr_carea' id='block_1_5' title="bbox 0 0 1595 5234">
    <p class='ocr_par' dir='ltr' id='par_1_16' title="bbox 0 0 1595 5234">
     <span class='ocr_line' id='line_1_42' title="bbox 0 0 1595 5234; baseline 0 0"><span class='ocrx_word' id='word_1_278' title='bbox 0 0 1595 5234; x_wconf 95' lang='lat' dir='ltr'><strong> </strong></span> 
     </span>
    </p>
   </div>
  </div>
 </body>
</html>
