3167 5234
486 563 491 575 ¹
548 554 722 639 assinos
740 557 811 606 nra.
826 557 888 648 vqs.
976 544 992 607 ’.

219 694 297 756 'llum
311 702 396 755 setus
409 692 545 754 Anchise
557 694 690 755 delectos
703 694 806 755 ordine
821 697 859 755 eb
872 695 952 757 omni

219 789 352 851 Centum
366 796 502 847 oratores
515 797 645 866 augurata
658 789 696 849 ad
710 790 821 849 rutenia
834 790 917 869 regis

217 882 270 943 Ire
285 883 383 959 jubet,
399 882 490 941 ramis
503 882 619 941 velatos
631 882 763 941 Palladis
777 902 881 943 omnes
894 903 902 954 3

215 975 369 1054 maraque
382 976 461 1035 serre
475 975 550 1047 viro,
566 994 731 1053 pacemque
748 994 913 1053 exposcere
927 975 1064 1037 Teucris.
1149 980 1204 1037 165

217 1068 313 1129 Haud
326 1088 410 1128 mora
422 1087 431 1139 3
453 1068 594 1127 foemam
610 1070 698 1145 jussi,
714 1069 886 1147 tepidisque
899 1070 1036 1131 seruntur

217 1164 373 1225 Passibus.
412 1164 482 1243 lpse
494 1164 599 1223 humili
612 1164 749 1243 designat
762 1165 873 1225 moenie
887 1162 978 1237 sossi,

216 1260 402 1337 Moliturque
415 1261 513 1319 locum
526 1280 535 1331 3
557 1259 728 1337 primaeque
742 1262 772 1319 in
786 1262 883 1321 littore
895 1261 996 1333 sedes,

220 1352 398 1413 Castrorum
411 1354 441 1411 in
454 1372 578 1424 morem,
593 1352 691 1431 pinnis
704 1362 796 1430 atque
810 1372 925 1432 aggere
942 1352 1045 1433 cingit.

218 1446 349 1525 Jamque
362 1447 419 1505 iter
432 1447 555 1519 emensi,
571 1455 671 1506 turres
683 1466 720 1505 ec
733 1456 814 1505 tecta
827 1446 1003 1507 Latinorum
1148 1448 1204 1507 160

218 1540 324 1601 Ardua
337 1540 501 1599 cernebant
517 1541 656 1616 juvenes,
672 1559 817 1617 muroque
835 1540 984 1599 subibant.

218 1633 297 1692 Ante
312 1635 417 1692 urbem
430 1633 515 1712 pueri
527 1641 558 1691 et
571 1634 712 1712 primaevo
725 1633 799 1691 llore
814 1633 957 1709 juventus

218 1726 409 1786 Exercentur
420 1728 517 1803 equis,
533 1726 734 1803 domitantque
749 1725 779 1783 in
793 1726 916 1804 pulvere
935 1744 1042 1786 currus
1054 1744 1064 1797 3

217 1821 280 1881 Aut
294 1839 382 1880 acres
393 1820 518 1879 tendunt
532 1839 632 1892 arcus,
648 1829 699 1878 eut
712 1819 793 1877 lenta
807 1819 928 1879 lacertis

217 1914 341 1993 Spicula
353 1923 560 1992 contorquent,
575 1933 726 1991 cursuque
739 1914 861 1990 ictuque
875 1914 1047 1973 lacessunt:
1148 1913 1202 1975 166

218 2007 321 2078 Quum
335 2017 502 2088 praevectus
515 2028 594 2085 equo
607 2008 736 2085 longaevi
749 2008 831 2085 regis
845 2007 882 2066 ad
896 2024 986 2066 eures

217 2102 349 2162 Nuntius
362 2103 500 2183 ingentes
513 2100 617 2180 ignoti
629 2103 660 2161 in
674 2110 757 2160 veste
773 2108 905 2187 reportet

217 2196 385 2256 Advenisse
399 2196 488 2254 viros.
531 2195 586 2253 llle
600 2197 679 2254 intre
690 2202 772 2255 tecta
784 2195 889 2255 vocari

219 2287 360 2367 Imperet,
376 2297 406 2348 et
420 2290 495 2348 solio
508 2289 624 2349 medius
637 2288 772 2347 coneedit
785 2288 874 2348 evito.

216 2380 347 2441 Tectum
359 2390 530 2460 augustum,
547 2382 665 2460 ingens,
681 2389 800 2439 centum
812 2378 938 2438 sublime
952 2378 1109 2452 columnis,
1147 2380 1203 2439 170

139 2499 142 2509 ·
218 2474 302 2534 Urbe
315 2476 370 2534 fuit
383 2474 509 2547 summit,
523 2475 686 2534 Laurentis
699 2474 785 2552 regia
797 2472 874 2544 Pici,

218 2567 412 2629 Hori-endum
425 2570 508 2629 silvis
520 2582 551 2627 et
564 2568 709 2647 religione
723 2563 888 2645 perentitur.

218 2661 283 2723 Hic
296 2672 416 2741 sceptra
428 2663 579 2741 accipere,
595 2669 626 2719 et
640 2661 749 2739 primos
762 2659 899 2717 attollere
913 2658 1024 2733 fasces,

218 2754 356 2834 Regibus
369 2770 456 2815 omen
469 2763 536 2814 erat
550 2774 558 2824 3
581 2755 639 2812 hoc
652 2753 710 2811 illis
723 2752 809 2811 curie
821 2752 962 2830 templum
976 2771 983 2823 3

217 2845 278 2907 Hre
292 2848 388 2907 sacris
401 2848 489 2907 sedes
503 2848 599 2925 epulis
612 2866 621 2916 3
644 2846 705 2917 lric,
720 2846 815 2905 ariete
833 2865 924 2917 creso,
1148 2846 1203 2908 116

217 2940 376 3019 Perpetuis
388 2940 468 3000 soliti
482 2949 581 3018 patres
594 2924 750 2999 considere
766 2938 885 2999 mensis.

146 3108 152 3115 .
220 3035 300 3102 Quin
314 3036 405 3093 etiam
418 3043 552 3094 veterum
565 3034 680 3113 effigies
693 3052 732 3091 ex
744 3034 847 3092 ordine
863 3050 985 3093 evonem

216 3127 352 3205 Antiqua
364 3148 382 3186 e
396 3128 497 3200 cedre,
513 3128 678 3204 Italusque,
695 3135 839 3205 paterque
853 3128 981 3185 Sabinus

217 3220 373 3293 Vitieetor,
389 3240 513 3281 cursam
526 3241 651 3280 servans
664 3224 720 3280 sub
734 3221 863 3300 imagine
877 3222 995 3295 falcem,

217 3314 425 3392 Saturnusque
439 3334 541 3387 senex,
557 3316 688 3392 Jeuique
702 3315 838 3374 bifrontis
854 3316 963 3393 imago,
1147 3316 1202 3375 180

217 3408 376 3467 Vestibulo
389 3408 547 3467 adstabant
560 3428 569 3478 3
593 3409 704 3485 aliique
717 3410 755 3466 ab
769 3408 885 3487 origine
899 3426 989 3486 reges

215 3500 390 3578 Martiaque
403 3504 441 3560 ob
456 3503 582 3580 petriam
600 3502 759 3580 pugnaudo
772 3502 898 3561 vulnera
911 3499 1002 3579 passi.

215 3592 374 3672 Multaque
387 3603 536 3673 praeterea
547 3596 643 3653 sacris
656 3596 687 3653 in
701 3596 835 3673 postibus
848 3614 931 3653 arma
944 3614 952 3667 3

217 3686 338 3765 Captivi
351 3689 482 3766 pendent
494 3708 612 3761 currus,
628 3709 788 3767 currusque
802 3708 937 3761 secures,

215 3778 256 3840 Et
270 3782 372 3840 cristes
387 3783 529 3859 capitum,
543 3791 575 3840 et
588 3791 738 3861 portarurn
752 3784 886 3862 ingentia
900 3783 1043 3854 clasura,
1146 3783 1202 3843 185

218 3875 410 3952 Spiculaque,
426 3875 595 3954 clypeique,
611 3885 775 3954 ereptaque
788 3884 886 3935 rostra
900 3875 1019 3954 οιήιὶίρ.

98 3991 102 3997 ’
216 3966 298 4046 Ipse,
314 3968 465 4035 Quirinali
478 3970 561 4041 lituo,
577 3970 729 4048 paretque
743 3970 868 4029 sedebat

217 4061 396 4121 Succinctus
409 4062 526 4136 treberi,
542 4062 679 4140 levique
693 4064 790 4121 ancile
803 4064 928 4142 gerebat

215 4153 318 4227 Picus,
334 4152 443 4233 equiem
456 4157 583 4217 domitor
598 4175 606 4227 3
630 4176 719 4234 quem
732 4166 821 4234 capta
834 4158 972 4235 cupidine
986 4158 1095 4237 conjux

215 4248 321 4308 Aurei
334 4269 509 4327 percussum
522 4251 620 4331 virgi,
635 4270 814 4329 versumque
830 4253 963 4326 venenis,
1146 4255 1201 4313 190

214 4340 304 4403 Fecit
317 4361 404 4403 avem
417 4346 522 4421 Circe,
537 4346 704 4425 sparsitque
718 4347 868 4407 coloribus
881 4348 955 4409 ales.
