3167 5234
546 554 725 606 nnntuos
744 558 816 609 trs.
831 556 861 603 x.
1143 558 1202 617 ως

209 700 306 760 Actus
319 716 404 775 aper,
419 695 529 755 multos
541 694 676 754 Vesulus
690 714 779 772 quem
792 692 899 773 pinifer
913 710 1007 753 annos
1033 704 1037 714 “

209 792 363 863 Defendit,
378 790 526 849 multosve
540 790 627 867 palus
638 788 816 860 Laurentis,
833 786 910 847 silvd

209 886 319 946 Paetus
333 881 501 942 arundineti
513 900 521 952 3
545 891 702 960 postquam
714 882 793 941 inter
806 882 883 939 retia
896 889 1016 938 veritum
1029 886 1087 951 est,
1143 880 1202 937 '110

211 978 359 1048 Substitit,
375 975 585 1052 infremuitque
600 976 695 1046 ferox,
711 983 743 1033 et
755 974 902 1033 inhorruit
916 992 1015 1032 armos
1031 990 1039 1043 3

211 1071 278 1132 Nec
295 1070 436 1146 cuiquam
449 1070 541 1128 irasci
556 1069 713 1147 propiusve
727 1068 875 1127 accedere
890 1066 993 1138 virtus,

212 1164 272 1223 Sed
282 1164 395 1244 jaculis
406 1163 538 1238 tutisque
553 1163 657 1240 procul
670 1162 851 1221 clamoribus
872 1162 1001 1221 instant:

211 1260 267 1319 Ille
283 1266 384 1319 autem
398 1258 564 1337 impavidus
577 1266 678 1336 partes
691 1267 852 1320 cunctatur
864 1257 895 1315 in
909 1274 1022 1329 omnes,

209 1352 360 1413 Dentibus
373 1351 555 1423 infrendens,
571 1359 602 1409 et
615 1359 702 1429 tergo
715 1351 827 1409 decutit
841 1350 954 1409 hastas.
1144 1350 1202 1407 '115

211 1446 304 1505 Haud
318 1446 417 1517 aliter,
429 1444 519 1521 justa
533 1445 641 1521 quihus
655 1453 701 1503 est
714 1444 885 1502 Mezentius
899 1443 962 1515 irae,

210 1540 280 1599 Non
295 1539 348 1598 ulli
361 1546 408 1597 est
420 1538 538 1597 animus
551 1538 656 1596 stricto
671 1556 853 1596 concurrere
868 1537 967 1606 serro3

210 1631 377 1691 Missilibus
390 1631 479 1710 longd
494 1640 525 1689 et
538 1640 625 1690 vasto
638 1632 770 1691 clamore
783 1631 946 1689 lacessunt.

250 1725 386 1785 Venerat
400 1725 532 1802 antiquis
545 1724 672 1802 Corythi
687 1724 724 1783 de
739 1724 848 1783 finibus
860 1725 974 1795 Acron,

210 1818 321 1881 Graius
333 1818 432 1889 homo,
448 1818 574 1877 infectos
587 1818 726 1893 linquens
740 1816 884 1894 profugus
898 1817 1090 1894 hymeneos:
1142 1816 1201 1875 '120

209 1914 303 1975 Hunc
316 1915 368 1973 nbi
382 1915 555 1973 miscentem
569 1913 659 1991 longd
672 1913 771 1971 media
784 1912 906 1990 agmina
920 1912 1002 1983 vidit,

208 2009 399 2087 Purpureum
413 2008 518 2086 pennis
532 2015 562 2066 et
576 2016 672 2085 pactas
686 2007 824 2083 conjugis
837 2015 918 2065 ostro
932 2024 940 2076 3

210 2102 357 2181 Impastus
370 2102 490 2161 stabula
503 2101 564 2160 alta
575 2102 624 2159 leo
637 2119 694 2159 ceu
708 2100 788 2177 saepd
804 2118 980 2178 peragrans,

211 2196 338 2270 (Suadet
351 2196 430 2255 euim
445 2214 558 2254 resana
572 2194 693 2271 fames‚)
709 2195 736 2272 pi
749 2192 824 2252 forte
841 2193 980 2271 fugacem

211 2288 378 2367 Conspexit
391 2306 543 2367 capream,
560 2296 612 2346 aut
624 2296 799 2366 surgentem
814 2288 843 2345 in
859 2306 973 2347 cornua
987 2303 1119 2361 cervum,
1141 2288 1200 2345 'th

210 2382 342 2454 Gaudet,
355 2382 442 2441 hians
455 2381 594 2453 immund,
609 2399 772 2457 comasque
786 2380 907 2451 arrexit,
924 2388 954 2439 et
967 2381 1062 2440 haeret

208 2475 386 2535 Visceribus
400 2475 680 2553 superincumbens
694 2493 703 2544 3
727 2474 801 2533 lavit
814 2474 949 2551 improba
963 2482 1041 2533 teter

209 2568 273 2629 Ora
286 2588 397 2629 cruor:

209 2663 259 2721 Sic
272 2664 334 2722 ruit
347 2663 378 2723 in
390 2662 501 2722 denam
513 2663 618 2722 alacer
629 2662 802 2721 Mezentius
814 2663 924 2722 hostes.

210 2757 358 2815 Sternitur
371 2756 475 2815 infelix
487 2757 601 2828 Acron,
617 2764 648 2815 et
661 2756 796 2815 calcibus
810 2764 904 2815 atram
1141 2758 1200 2817 '1³0

207 2850 319 2910 Tundit
333 2853 455 2910 humum
468 2852 635 2929 exspirans,
650 2851 839 2927 infractaque
852 2852 914 2909 tela
929 2856 1079 2911 cruentat.

208 2944 310 3021 Atque
323 2945 402 3005 idern
416 2945 580 3024 fugientem
593 2945 673 3003 haud
686 2953 733 3003 est
745 2945 886 3023 dignatus
898 2944 1019 3003 Oroden

210 3038 362 3109 Sternere,
377 3058 436 3097 nec
445 3037 531 3114 jactel
544 3056 661 3097 omcuur
672 3038 745 3096 dare
759 3038 883 3115 cuspide
897 3038 1005 3097 vulnus
1020 3057 1028 3108 3

207 3130 323 3191 Obvius
335 3132 521 3208 adversoque
535 3131 677 3203 occurrit,
693 3150 787 3207 seque
801 3132 866 3191 viro
880 3131 926 3191 vir

208 3223 353 3297 Contulit,
370 3224 447 3285 haud
462 3226 540 3284 furto
554 3226 668 3297 melior,
684 3226 737 3284 sed
752 3226 878 3285 fortibus
893 3227 992 3287 armis.
1139 3228 1198 3285 735

206 3317 286 3377 Tum
298 3338 390 3395 super
404 3319 553 3394 abjectum
567 3319 662 3397 posito
675 3319 751 3396 pede
765 3320 853 3381 nixus
865 3330 894 3379 et
908 3319 1018 3379 barth:

206 3410 283 3471 Pars
296 3412 368 3469 belli
382 3412 462 3470 haud
475 3412 645 3483 temnenda,
662 3412 728 3484 riri,
740 3412 824 3488 jacet
838 3414 916 3471 altus
929 3412 1056 3473 Orodes.

207 3502 407 3563 Conclamant
421 3506 506 3577 socii,
523 3506 623 3565 laetum
636 3524 744 3583 parans
756 3507 862 3566 secuti.

208 3594 264 3655 llle
278 3607 378 3657 autem
390 3600 570 3676 exspirans:
592 3599 663 3658 Non
676 3615 734 3671 me,
753 3600 932 3677 quicumque
951 3600 995 3673 ed,
1011 3600 1115 3673 inulto,

205 3690 323 3763 Victor,
339 3710 398 3749 nec
411 3693 533 3770 longum
546 3694 687 3752 laetabere
701 3712 709 3761 3
732 3701 763 3751 te
778 3713 896 3770 quoque
910 3695 973 3752 fata
1139 3696 1198 3752 740

206 3783 404 3862 Prospectant
418 3785 514 3863 paria,
531 3794 622 3862 atque
634 3786 740 3845 eadam
754 3805 822 3845 mox
836 3806 910 3845 arra
922 3787 1048 3848 tenebis.

205 3878 252 3936 Ad
268 3897 356 3955 quem
370 3880 529 3938 subridens
543 3878 637 3938 mixtfs
651 3879 824 3938 Mezentius
838 3881 899 3938 inl:

204 3968 295 4029 Nunc
308 3990 425 4031 morere
440 3992 448 4031 ι
471 3982 517 4032 nst
532 3972 568 4031 de
582 3992 630 4031 me
644 3970 743 4033 dietim
756 3972 850 4032 Pater
864 3982 954 4051 atque
967 3975 1117 4036 hominnm
1133 3996 1187 4036 rex

207 4060 330 4123 Viderit.
372 4065 444 4125 Hoc
459 4066 573 4137 dicens,
591 4065 692 4125 eduxit
705 4084 832 4145 corpore
845 4068 938 4127 telum
953 4086 961 4127 :

136 4145 141 4158 '
205 4154 267 4215 Olli
279 4158 355 4216 dura
370 4160 456 4235 quies
469 4160 573 4219 oculos
587 4168 618 4219 et
631 4160 748 4219 ferreus
761 4168 850 4239 urget
1137 4166 1196 4225 745

206 4249 334 4310 Somnus
346 4271 355 4321 3
379 4252 410 4311 in
425 4266 569 4313 aternam
581 4253 762 4313 clauduntur
774 4256 888 4314 lumina
899 4263 1026 4318 noctem.

240 4344 387 4405 Caedicus
399 4346 580 4407 Alcathoum
593 4348 762 4422 obtruncat,
779 4350 920 4410 Sacrator
933 4351 1101 4433 Hydaspen
1112 4372 1121 4425 3

482 4444 522 4499 25
877 4460 922 4502 xx
963 4460 967 4465 ·
