3167 5234
361 526 420 583 252
646 520 858 567 aurneina
880 520 1051 569 minoris

361 660 503 720 Clamore
517 659 666 736 excipiunt
680 658 763 729 socii,
780 658 958 736 fremituque
971 667 1137 735 sequuntur

229 784 239 815 i
360 751 528 812 Horrisono
544 772 553 823 ;
577 750 727 811 Teucnim
741 752 886 811 mirantur
898 752 1006 810 inertia
1017 753 1110 811 corda
1125 771 1133 822 3
1303 756 1341 815 56

360 846 429 905 Non
443 867 530 923 aequo
543 847 614 904 dara
628 864 660 904 ee
675 864 790 921 campo,
806 864 865 904 uon
877 846 963 903 obvia
978 846 1058 905 ferre
1241 844 1245 853 '

360 941 453 1001 Arma
468 940 557 1013 viros,
573 940 626 999 sed
640 948 740 999 eastra
754 940 865 997 fovere.
906 939 979 998 Huc
991 940 1129 999 turbidus
1141 948 1232 1016 etque
1244 942 1304 1003 buc

359 1032 482 1094 Lustrat
496 1052 574 1111 equo
587 1052 697 1105 muros,
714 1032 885 1109 aditumque
899 1052 953 1110 per
965 1033 1034 1091 avia
1047 1033 1163 1109 querit.

359 1126 409 1187 Ac
422 1127 513 1186 veluti
527 1126 614 1204 pleno
628 1126 714 1203 lupus
728 1125 882 1183 insidiatus
895 1125 975 1195 ovili,

360 1222 461 1291 Quum
474 1220 571 1281 fremit
586 1221 622 1279 sd
635 1221 748 1292 caulas,
765 1228 870 1278 ventos
882 1239 1040 1297 perpessus
1059 1229 1089 1280 et
1102 1222 1222 1294 imbres,
1301 1224 1343 1282 60
1405 1239 1409 1248 ·

356 1316 457 1377 'Nocte
472 1334 562 1393 super
575 1312 673 1373 mediis
686 1334 693 1383 ;
718 1315 773 1373 tuti
787 1316 843 1371 sub
858 1314 1001 1371 matribus
1015 1316 1085 1392 agni

358 1408 497 1467 Baletum
510 1415 668 1465 exercent:
692 1406 752 1477 ille,
769 1426 858 1483 asper
871 1414 900 1464 et
914 1407 1065 1484 improbus
1078 1407 1134 1480 irai,

356 1502 450 1559 Saevit
465 1502 494 1559 in
509 1502 649 1559 absentes
665 1518 672 1569 ;
697 1501 823 1559 collecta
836 1498 942 1577 fatigat
954 1499 1061 1557 edendi

359 1594 407 1653 Ex
421 1595 510 1672 longo
524 1594 634 1664 rabies,
650 1600 680 1650 et
693 1594 783 1651 siccae
797 1593 943 1670 sanguine
957 1592 1079 1651 lauces:

359 1686 450 1746 Haud
467 1687 554 1745 aliter
566 1686 680 1745 Rutulo
694 1704 793 1743 muros
807 1694 837 1743 et
851 1694 952 1743 eastra
964 1686 1059 1744 tuenti

360 1778 524 1858 Ignescunt
537 1778 589 1838 irae
606 1799 614 1848 ;
637 1778 719 1836 duris
733 1779 818 1837 dolor
830 1778 947 1836 ossibus
960 1778 1064 1837 ardet:

361 1870 433 1940 Qua
445 1880 539 1930 tentet
553 1872 667 1930 ratione
681 1871 789 1942 aditus,
806 1880 837 1928 et
851 1890 918 1946 quae
931 1871 981 1930 ria
998 1872 1118 1930 clausos

360 1964 501 2025 Excutiat
515 1964 652 2023 Teucros
665 1964 753 2035 vallo,
771 1973 861 2042 atque
874 1964 1006 2022 effundet
1019 1966 1050 2023 in
1064 1984 1176 2041 sequor.

361 2057 510 2127 Classem,
528 2077 594 2134 quse
608 2057 695 2115 lateri
709 2066 875 2115 castrorum
888 2056 1028 2132 adjuncta
1041 2058 1164 2131 latebat,

359 2151 532 2229 Aggeribus
546 2160 660 2228 septam
675 2148 786 2208 circium
800 2158 830 2207 et
844 2150 1012 2209 fluuialibus
1028 2152 1124 2222 undis,

360 2242 476 2303 Invadit
490 2263 498 2313 3
522 2243 679 2319 sociosque
693 2243 831 2302 incendia
843 2244 938 2319 poscit
951 2253 1096 2313 orentes;

358 2337 458 2413 Atque
473 2355 592 2395 manum
606 2334 676 2411 pinu
691 2334 829 2413 flagranti
842 2336 972 2395 fervidus
986 2337 1096 2414 implet.

358 2429 437 2488 Turn
450 2429 522 2487 verb
537 2429 708 2487 incumbunt
725 2447 732 2497 ;
755 2437 844 2506 urget
858 2430 1015 2506 presentia
1026 2429 1133 2501 Turni,

358 2522 458 2598 Atque
473 2522 568 2580 omnis
581 2521 697 2580 fecibus
711 2522 805 2599 pubes
819 2523 986 2599 accingitur
999 2522 1081 2582 atris.

357 2612 521 2692 Diripuere
535 2614 617 2673 iocos
632 2634 639 2683 ;
663 2615 779 2692 piceum
793 2614 850 2673 fert
864 2615 974 2675 fumida
986 2616 1086 2675 lumen

358 2708 462 2779 Tarda,
479 2715 508 2765 et
522 2708 708 2767 commixtam
720 2707 877 2766 Vulcanus
889 2708 928 2766 ad
944 2717 1026 2767 astra
1038 2708 1178 2769 favillam.

305 2786 313 2811 ¹
398 2800 475 2873 Quis
489 2801 573 2873 deus,
589 2820 607 2859 o
621 2819 723 2871 musae,
739 2810 799 2859 tem
813 2822 894 2861 sarva
907 2802 1045 2861 incendia
1058 2803 1186 2863 Teucris

358 2894 498 2955 Avertit?
520 2904 618 2953 tantos
633 2894 746 2953 ratibus
761 2896 827 2972 quis
840 2896 951 2972 depulit
965 2898 1051 2974 ignee
1065 2897 1075 2953 2

358 2987 468 3047 Dicite.
511 2987 618 3046 Prisca
630 2987 703 3045 fides
710 2988 807 3055 'sacto‚
821 2989 875 3047 sed
888 2989 968 3047 fama
981 2991 1128 3067 perennis.

397 3081 546 3158 Tempore
562 3098 620 3157 quo
635 3080 757 3157 primum
773 3080 907 3159 Phrygiis
920 3082 1065 3142 formabat
1079 3084 1109 3141 in
1122 3082 1180 3143 Idi

245 3223 254 3237 .
358 3174 479 3235 AEneas
493 3174 632 3244 classem,
647 3181 676 3230 et
692 3174 789 3251 pelagi
804 3183 906 3250 petere
920 3176 982 3233 elta
994 3178 1119 3253 parabat

359 3267 430 3346 Ipsa
443 3268 532 3325 deum
546 3266 640 3325 sertim
653 3266 788 3345 genetrix
802 3267 985 3344 Berecyntia
997 3288 1137 3348 magnum

358 3360 493 3419 Vocibus
506 3359 553 3419 his
567 3360 657 3419 allate
669 3359 775 3418 Jovem
791 3379 798 3415 :
821 3360 881 3431 Da,
897 3372 976 3432 nate,
992 3363 1115 3439 petenti,

360 3454 448 3523 Quod
462 3463 514 3513 tue
526 3472 598 3514 cara
613 3472 721 3531 parens
734 3453 844 3511 domito
856 3461 886 3511 te
901 3456 996 3531 poscit
1009 3456 1145 3533 Olympo.

358 3539 453 3607 Pinea
467 3549 542 3606 silva
556 3547 636 3619 mihi,
653 3547 759 3605 multos
773 3546 882 3605 dilecta
897 3566 950 3625 per
964 3568 1068 3621 annos,

347 3634 461 3703 ¹Lucus
476 3644 505 3702 in
520 3662 590 3702 arce
605 3643 659 3702 suit
672 3641 799 3713 summa,
815 3642 874 3718 qud
893 3662 982 3702 sacra
998 3645 1144 3717 ferebant,

358 3738 387 3796 N
390 3738 498 3816 igranti
513 3735 599 3814 piceis
612 3736 805 3812 trabibusque
819 3738 964 3795 obscurus
982 3738 1101 3797 acernis
1115 3758 1123 3796 ι

359 3828 427 3889 Has
442 3850 499 3908 ego
512 3829 667 3889 Dardanio
677 3828 791 3905 juveni,
809 3848 900 3905 quum
912 3830 1019 3890 classis
1032 3840 1147 3909 egeret,

358 3922 445 3983 Leia
458 3922 526 3981 dedi
539 3943 547 3993 ;
570 3944 648 3983 nunc
662 3924 819 3983 sollicitam
832 3923 920 3981 timor
933 3924 1038 3982 anxius
1051 3932 1149 4003 urget.

359 4017 447 4075 Solve
462 4025 568 4088 metus,
585 4026 674 4093 atque
688 4016 746 4076 hoc
759 4017 899 4093 precibus
912 4017 977 4075 sine
991 4036 1078 4093 posse
1097 4026 1261 4095 parentem,
1302 4019 1344 4077 90

359 4107 407 4168 Ne
422 4128 511 4167 cursu
527 4118 674 4185 quassate
688 4109 759 4181 ullo,
774 4129 834 4167 neu
847 4110 965 4167 turbine
979 4110 1069 4180 venti,

357 4200 527 4259 Vincuntur
540 4221 549 4273 ;
572 4204 664 4280 prosit
678 4202 785 4263 nostris
799 4204 829 4261 in
842 4204 988 4262 montibus
1001 4212 1091 4261 ortas.

357 4294 454 4357 Filius
467 4294 536 4353 huie
551 4296 666 4369 contre,
680 4305 798 4374 torquet
812 4298 861 4374 qui
875 4297 975 4357 sidera
989 4295 1110 4357 mundi:
