3167 5234
380 553 441 611 ³22
680 542 707 590 r.
721 539 887 588 vinorum
905 505 1075 586 usednrs

380 686 410 746 N
412 707 450 745 on
465 703 523 764 ego
536 703 593 743 nee
606 680 736 740 Teucris
750 678 842 738 Itelos
857 697 963 757 perere
979 677 1104 754 jubebo,

381 779 449 840 Nec
464 778 534 838 milri
547 795 643 856 regna
657 782 734 853 peto.
777 773 907 832 Peribus
920 792 954 830 se
967 770 1087 848 legibus
1099 767 1196 826 umbre
1318 765 1375 825 teo

382 871 506 932 Invictm
521 879 627 948 gentes
642 877 755 926 eeteros
768 866 799 924 in
813 865 929 925 tindere
940 864 1066 922 mittent.

383 967 478 1026 Sacro
490 965 623 1040 deosque
637 963 715 1020 dabo
729 979 736 1018 ε
759 979 848 1018 socer
860 978 945 1018 orme
958 956 1086 1015 Latinus
1098 956 1209 1014 hebeto
1222 973 1233 1025 ς

382 1057 543 1138 Imperium
557 1058 689 1116 solemne
704 1073 812 1113 socer:
834 1053 904 1112 milri
918 1051 1029 1111 moenis
1043 1049 1156 1108 Teucri

383 1151 585 1223 constituent,
602 1151 728 1227 urbique
742 1147 825 1207 debit
838 1146 967 1206 Lavinio
980 1164 1098 1204 nomon.

424 1247 475 1304 Sic
490 1245 569 1322 prior
581 1245 703 1304 AEnees
717 1262 723 1300 :
747 1243 884 1319 sequitur
896 1241 941 1300 sio
954 1239 1061 1298 deiude
1074 1237 1211 1309 Latinus,
1315 1235 1373 1295 196

384 1339 558 1418 Suspicione
574 1338 694 1409 coelum,
710 1337 864 1413 tenditque
879 1335 917 1394 ed
931 1334 1030 1393 sidere
1041 1332 1198 1391 dextrum:

383 1433 463 1494 Haec
478 1430 593 1502 eedem,
610 1431 726 1501 AEnen,
741 1431 880 1500 Terram,
897 1428 995 1499 Mare,
1013 1426 1129 1496 Sidere,
1145 1412 1226 1501 juro,

383 1526 570 1602 Letonaeque
585 1545 681 1604 genus
695 1525 815 1602 duplex,
830 1524 1002 1599 denumque
1017 1520 1182 1591 bifrontem,

383 1619 514 1695 Vimque
528 1616 616 1676 detim
629 1617 785 1688 infernam,
802 1625 832 1674 et
845 1616 912 1675 duri
926 1615 1060 1674 sacrario
1073 1612 1153 1670 Ditis
1164 1630 1173 1680 ;

383 1713 494 1772 Audiet
508 1712 574 1770 haec
587 1711 725 1782 Genitor,
742 1711 792 1787 qui
807 1711 923 1770 ioedere
935 1710 1057 1769 fulmine
1071 1707 1175 1766 sancit.
1314 1705 1375 1764 Ξω

383 1805 491 1884 Tango
506 1797 575 1862 eris
591 1823 599 1874 ;
624 1803 736 1862 medios
750 1804 837 1881 ignes
850 1812 881 1861 ct
893 1803 1015 1863 numine
1027 1809 1123 1860 testor
1138 1819 1146 1857 ε

384 1899 477 1960 Nulla
491 1897 554 1957 dies
568 1917 673 1976 pecem
687 1898 766 1955 henc
779 1897 864 1956 Itelie
877 1915 934 1956 nec
948 1896 1064 1957 sordere
1076 1902 1202 1972 rumpet,

362 1985 365 1992 ’
385 1991 456 2060 Quo
471 2011 520 2050 ree
535 2009 662 2067 cumque
676 1989 784 2048 cedent
797 2009 806 2059 3
829 2010 886 2048 nec
900 2009 947 2048 me
961 1989 1007 2048 vis
1020 1988 1081 2047 ulls
1099 1987 1248 2046 volentem

384 2085 512 2146 Avertet
528 2104 536 2156 ς
560 2104 630 2156 uon,
646 2085 671 2142 si
685 2085 823 2142 tellurem
836 2084 969 2142 effundet
982 2083 1013 2140 in
1029 2081 1135 2153 nudes,

384 2179 507 2239 Diluvio
523 2179 663 2250 miscens,
680 2178 850 2254 coelumque
864 2178 895 2235 in
907 2177 1037 2236 Tertere
1050 2176 1146 2234 solvet
1159 2192 1168 2230 :
1313 2171 1374 2230 20⁶

261 2280 266 2289 '
385 2272 427 2333 Ut
441 2282 591 2351 sceptrum
605 2272 673 2344 hoc,
691 2270 813 2350 (dextri
825 2280 976 2349 sceptrum
989 2289 1058 2329 num
1071 2268 1147 2328 forte
1165 2263 1321 2344 gerelm)

386 2367 549 2443 Nunquam
563 2365 667 2424 froude
681 2365 741 2424 levi
753 2365 855 2424 fundet
869 2365 1000 2443 virgulto
1012 2381 1111 2440 neque
1124 2363 1257 2434 umbros,

387 2459 489 2528 Quum
504 2460 597 2518 semel
610 2459 641 2518 in
655 2458 748 2530 silvis,
765 2459 824 2516 imo
838 2458 875 2516 de
889 2458 981 2536 stirpe
994 2457 1135 2528 recisum,

385 2552 486 2612 Metro
501 2560 595 2624 caret,
613 2552 769 2630 posuitque
784 2569 887 2610 comes
899 2557 929 2608 et
943 2549 1067 2609 brechio
1081 2549 1183 2618 serro3

385 2645 465 2705 Olim
480 2647 579 2718 arbos,
596 2665 674 2705 nunc
689 2645 813 2704 artificis
826 2663 933 2703 menus
946 2663 1007 2702 aere
1020 2643 1132 2701 decoro
1315 2637 1374 2699 210

386 2738 522 2810 Inclueit,
538 2739 732 2817 patribusque
746 2738 827 2797 dedit
841 2747 961 2817 gesture
974 2736 1101 2797 Latinis.

425 2832 552 2891 Talibus
565 2831 642 2890 iuter
656 2851 689 2889 se
704 2832 862 2891 firmabunt
877 2831 993 2890 smdere
1003 2830 1102 2903 dictis,

387 2923 560 3000 Conspectu
576 2924 605 2982 in
620 2923 718 2982 medio
732 2943 899 3001 procerum.
940 2925 1021 2982 Tum
1032 2923 1089 2982 rite
1102 2928 1241 2982 secretas

387 3015 423 3074 In
436 3015 584 3073 dammam
601 3016 740 3094 jugulent
754 3018 896 3094 pecudes,
912 3027 943 3075 et
956 3017 1075 3076 viscere
1087 3015 1162 3074 vivis

381 3107 536 3186 Eripiunt,
552 3109 764 3185 cumulantque
779 3111 911 3169 oneratis
926 3112 1063 3169 lancibus
1077 3127 1156 3168 eres.
1315 3107 1375 3166 215

428 3203 468 3262 At
484 3201 555 3261 verd
570 3203 692 3261 Rutulis
706 3203 802 3279 imper
815 3223 853 3262 ee
865 3225 967 3283 pugne
980 3205 1074 3264 videri
1178 3227 1183 3236 ·

385 3295 456 3356 Jem
469 3295 589 3367 dudum,
606 3303 635 3354 et
649 3297 732 3355 reric
746 3297 866 3356 misceri
880 3308 1004 3376 pectore
1017 3305 1118 3356 motu:

386 3391 466 3448 Tum
479 3389 584 3468 magis,
602 3397 633 3447 ut
648 3389 767 3467 propiits
781 3398 919 3463 cernunt,
934 3411 994 3450 uon
1007 3392 1121 3452 viribus
1134 3389 1238 3468 eequis.

386 3484 529 3560 Adjuvet,
545 3483 665 3542 incessu
679 3483 771 3542 tecito
787 3504 975 3563 progressus,
991 3493 1119 3544 ctorem

387 3575 568 3654 Suppliciter
581 3595 728 3634 venerans
742 3576 871 3636 demisso
885 3579 1005 3651 lumine,
1021 3579 1154 3649 Turnus,
1317 3578 1377 3648 ΒΟ

386 3669 599 3746 Tebentesque
613 3689 711 3747 genre,
727 3679 757 3728 et
773 3671 906 3746 juvencli
921 3673 950 3732 in
964 3691 1091 3750 corpore
1104 3671 1208 3750 pellor.

388 3761 488 3830 Quem
502 3763 589 3821 simul
604 3783 641 3821 sc
654 3763 675 3822 J
677 3774 785 3823 uturnn
797 3783 884 3823 soror
896 3767 1091 3824 crebrescere
1108 3765 1179 3822 vidit

387 3856 571 3928 Sermonem,
588 3865 618 3914 et
632 3857 714 3934 vulgi
727 3858 845 3916 veriore
859 3859 992 3918 labentis
1005 3859 1107 3930 corde,

387 3947 423 4006 Iu
437 3950 550 4008 medies
565 3950 657 4021 ecies,
672 3951 798 4012 formem
812 3952 985 4011 assimulete
998 3952 1144 4025 Camerti,

387 4040 447 4100 Cui
462 4061 557 4120 genus
570 4061 589 4100 e
603 4045 721 4120 proavis
734 4046 852 4124 iugens,
868 4046 1042 4122 clerumque
1057 4054 1190 4124 paternis
1318 4043 1376 4102 226

387 4133 504 4192 Nomen
521 4144 586 4193 eret
600 4136 727 4208 virtutis,
743 4147 773 4196 et
787 4139 851 4216 ipse
865 4139 1030 4197 acerrimus
1044 4139 1146 4210 ermis,

387 4227 422 4286 In
438 4228 551 4287 medies
564 4229 614 4288 det
628 4250 695 4290 sese
710 4233 803 4304 ecies,
818 4233 898 4292 haud
911 4233 1014 4292 nescis
1032 4253 1144 4306 rerum,

386 4321 596 4402 Rumoresque
610 4327 682 4386 serit
696 4328 806 4400 serios,
823 4348 860 4388 sc
874 4329 947 4388 telis
961 4329 1061 4388 t‘etur:
