3167 5234
356 564 412 621 136
638 554 666 604 Ρ.
686 554 856 603 VllitllLll
873 554 1046 603 HABONIS

390 696 508 756 Bellum
521 694 611 754 etiam
626 712 680 771 pro
693 693 776 753 cede
788 695 879 753 boum
893 693 1052 771 stratisque
1069 690 1219 770 juvencis,

350 786 625 859 Laomedontiades,
641 788 790 846 bellumne
806 787 914 847 inferre
930 788 1051 867 paratis,

350 882 391 942 Et
405 883 500 961 patrio
513 880 670 960 Harpyias
683 881 816 939 insontes
830 881 942 960 pellere
955 899 1050 959 regno
1065 878 1076 937 i

324 984 328 991 ’
349 978 489 1055 Accipite
502 994 587 1055 ergo,
605 974 710 1033 animis
725 983 814 1052 atque
828 976 894 1034 boec
908 993 976 1035 mea
989 974 1071 1053 figite
1085 973 1185 1033 dicta:
1278 976 1338 1035 250

350 1070 429 1139 Quas
442 1072 557 1130 Phoebo
572 1067 665 1128 Pater
678 1069 874 1147 omnipotens,
889 1068 960 1127 mibi
973 1068 1107 1127 Phoebus
1119 1066 1227 1147 Apollo

349 1162 499 1237 Praedixit,
516 1164 601 1222 vobis
614 1162 774 1222 Furiarum
787 1181 846 1240 ego
860 1163 988 1221 maxima
1004 1160 1110 1239 pando.

348 1259 466 1318 ltaliam
480 1278 571 1317 cursu
585 1258 695 1336 petitis,
712 1256 869 1333 ventisque
884 1257 999 1315 vocatis

348 1352 433 1412 Ibitis
447 1351 574 1423 ltaliam,
591 1359 753 1429 portusque
767 1350 879 1408 intrare
894 1349 1012 1409 licebit:

348 1447 407 1506 Sed
421 1466 480 1505 non
494 1445 563 1505 ante
577 1444 675 1503 datam
689 1444 817 1523 cingetis
831 1444 979 1504 moenibus
993 1446 1107 1517 urbem,

348 1539 448 1608 Quum
462 1559 514 1599 vos
528 1538 594 1598 dire
607 1538 701 1597 sames
714 1546 885 1616 nostraeque
898 1538 1007 1614 injuria
1021 1537 1112 1597 codis

346 1634 495 1693 Ambesas
508 1632 628 1711 subigat
642 1630 728 1690 malis
742 1633 900 1701 absumere
914 1650 1043 1691 mensas.

320 1721 331 1733 “
386 1726 481 1800 Dixit,
497 1735 527 1785 et
541 1726 571 1785 in
584 1726 690 1785 silvam
704 1726 810 1803 pennis
824 1726 924 1785 ablata
936 1725 1056 1805 refugit.

346 1822 389 1883 At
402 1822 493 1882 sociis
506 1819 606 1880 subiti
618 1820 736 1900 gelidus
749 1819 903 1879 formidine
918 1822 1042 1898 sanguis

344 1901 499 1995 Diriguit}
524 1911 663 1975 cecidere
677 1913 789 1984 onimi;
813 1933 871 1972 nec
887 1914 951 1991 jam
965 1913 1091 1992 emplius
1104 1912 1204 1989 umis,
1272 1915 1333 1972 260

346 2009 406 2069 Sed
420 2009 496 2068 votis
509 2004 709 2088 precibusque
725 2007 832 2083 jubent
846 2026 1009 2087 exposcere
1024 2026 1139 2086 pacem,

346 2102 416 2163 Sive
431 2102 506 2174 deve,
522 2121 577 2161 seu
590 2102 649 2160 sint
662 2101 735 2160 dirce
749 2103 960 2179 obscoenaeque
975 2102 1123 2164 volucres.

344 2194 386 2255 Et
399 2203 485 2275 pater
497 2195 657 2267 Anchises,
673 2194 770 2273 passis
783 2194 821 2253 de
835 2196 932 2253 littore
947 2195 1063 2274 palmis,

344 2288 476 2349 Numina
490 2307 598 2366 magne
613 2296 711 2360 vocat,
727 2286 908 2366 meritosque
922 2288 1024 2348 indicit
1039 2288 1187 2347 bonores:

343 2380 397 2453 Di,
414 2382 568 2460 prohibete
581 2382 699 2451 minas3
723 2380 765 2453 di,
781 2382 871 2442 talem
886 2381 1011 2440 avertite
1026 2400 1152 2453 casum;
1272 2420 1292 2439 .

343 2474 384 2534 Et
398 2475 506 2553 placidi
520 2484 638 2534 servate
652 2475 717 2554 pios
731 2478 738 2533 !
778 2473 859 2534 Tum
872 2476 970 2534 littore
984 2475 1085 2535 sunem

344 2567 503 2645 Deripere,
518 2586 722 2645 excussosque
738 2570 826 2646 jubet
839 2569 942 2627 laxare
956 2569 1107 2629 rudentes.

344 2658 484 2721 Tendunt
498 2662 564 2720 vela
577 2662 649 2721 Noti
665 2682 673 2732 3
698 2662 820 2721 ferimur
833 2662 1039 2741 spumantibus
1053 2662 1149 2735 undis,

345 2752 417 2823 urst
430 2773 551 2813 cursum
565 2765 731 2832 ventusque
745 2758 987 2834 gubernatorque
1002 2756 1160 2815 vocabant.

343 2846 413 2908 Jom
427 2848 524 2907 medio
538 2856 662 2925 apparet
675 2848 769 2908 tluctu
782 2868 940 2907 nemorose
954 2848 1137 2925 Zacynthos,

342 2938 587 3017 Dulichiumque,
605 2939 764 3017 Sameque,
779 2950 810 3001 ct
824 2942 946 3001 Neritos
960 2942 1056 3001 ardua
1068 2940 1157 3000 saxis.

342 3032 512 3112 Effugimus
525 3034 665 3109 scopulos
679 3033 802 3105 Ithocoe,
818 3034 943 3095 Laiirtia
956 3054 1072 3114 regnan.

340 3126 383 3184 Et
397 3135 508 3185 terram
522 3126 656 3185 altricem
669 3127 742 3186 soevi
755 3146 933 3187 execramur
945 3128 1075 3206 Ulyssei.

342 3218 414 3277 Mox
428 3227 458 3277 et
471 3219 616 3278 Leucates
629 3220 765 3279 nimbosa
777 3216 936 3281 cacumina
949 3222 1067 3296 montis,

341 3312 382 3372 Et
396 3311 568 3371 formidatus
582 3314 682 3373 nautis
696 3315 828 3393 aperitur
841 3316 958 3393 Apollo.

341 3404 435 3465 Hunc
449 3406 574 3483 potimus
588 3406 670 3479 fessi,
686 3418 716 3467 et
731 3428 831 3486 parvm
845 3410 1033 3470 succedimus
1047 3410 1123 3471 urbi.

340 3499 483 3558 Ancbora
495 3499 532 3559 de
547 3498 637 3577 proris
652 3501 764 3577 jacitur
780 3522 788 3571 ;
812 3511 891 3561 stent
904 3503 1002 3563 littore
1017 3524 1139 3583 puppes.

379 3592 464 3671 Ergo
478 3591 632 3671 insperati
643 3594 764 3653 tandem
775 3596 883 3655 tellure
898 3596 991 3675 potiti,

339 3684 577 3762 Lustramurque
591 3686 672 3758 Jovi,
689 3687 824 3764 votisque
839 3689 1022 3749 incendimus
1036 3710 1115 3764 aras,

338 3780 488 3856 Actiaque
503 3778 604 3838 lliecis
618 3779 807 3840 celebramus
821 3782 921 3841 littore
934 3784 1020 3845 ludis.

337 3870 492 3931 Exercent
505 3873 618 3950 patrias
633 3874 700 3932 oleo
714 3874 834 3933 labente
848 3876 1004 3953 palaestras

338 3964 367 4025 N
370 3966 452 4023 udati
465 3966 548 4025 socii.
589 3967 682 4025 Juvat
695 3968 828 4027 evasisse
842 3977 885 4027 tot
900 3972 990 4030 urbes

337 4058 509 4135 Argolicas,
524 4058 697 4135 mediosque
711 4060 813 4140 fugem
827 4062 960 4121 tenuisse
975 4083 1028 4141 per
1041 4064 1151 4125 hostes.

339 4150 460 4209 luterea
472 4170 613 4228 magnum
626 4153 671 4211 sol
686 4153 928 4215 circumvolvitur
942 4176 1063 4231 annum,

336 4242 378 4303 Et
393 4243 530 4321 glacialis
544 4244 640 4303 hiems
652 4245 853 4321 Aquilonibus
867 4258 987 4326 asperet
1001 4251 1106 4312 undas.

337 4336 416 4397 AEre
431 4354 507 4395 cavo
521 4336 670 4415 clypeum,
686 4341 786 4418 magni
800 4351 956 4419 gestamen
969 4345 1108 4419 Abantis,
