3167 5234
468 545 472 550 “
565 566 741 617 ennacos
759 570 829 618 uta.
846 570 873 619 v.
1167 578 1222 639 175

229 705 294 768 Du
307 707 400 778 Salio,
416 706 495 765 villis
509 726 668 767 onerosum
681 718 772 786 etque
787 712 936 789 unguibus
951 708 1061 773 aureis.

232 800 297 861 Hic
309 802 339 859 N
341 802 414 873 isus,
432 802 464 859 Si
478 809 572 873 tanta,
588 803 693 880 inquit,
709 812 778 862 sunt
791 805 914 882 praemia
928 805 1026 879 victis,

231 897 273 957 Et
285 907 315 955 te
329 899 481 975 lapsorum
494 898 614 957 miseret
628 918 637 969 ς
660 920 727 976 quae
741 920 866 959 munero
880 902 955 960 Niso

230 989 335 1068 Digna
347 990 433 1049 dabis
447 991 458 1046 l
481 992 605 1068 primam
618 994 715 1051 merui
729 994 780 1070 qui
792 994 882 1053 laude
897 1014 1049 1069 coronam,
1163 999 1222 1057 866

231 1083 273 1142 Ni
292 1103 351 1155 me,
368 1103 436 1159 quae
450 1085 573 1156 Selium,
590 1086 709 1144 fortuna
722 1088 842 1146 inimica
855 1089 981 1149 tulisset.

231 1176 272 1237 Et
286 1178 373 1235 simul
390 1178 437 1235 his
450 1178 538 1237 dictis
552 1179 660 1237 facicm
674 1184 853 1253 ostentabat,
871 1190 901 1241 et
915 1182 973 1241 udo

231 1270 347 1348 Turpio
359 1274 492 1329 membra
505 1272 583 1331 fimo.
626 1274 706 1332 Risit
720 1287 806 1352 pater
820 1277 946 1353 optimus
959 1276 1022 1349 olli,
1132 1311 1134 1319 ·

230 1364 272 1423 Et
286 1364 424 1441 clypeum
438 1366 540 1424 efferri
555 1367 655 1442 jussit,
671 1367 868 1445 Didymaonis
881 1380 973 1442 ortes,

231 1458 364 1535 Neptuni
378 1478 467 1517 sacro
479 1460 598 1517 Danais
611 1461 649 1517 de
663 1473 747 1538 poste
760 1464 895 1521 refixum.
1162 1466 1222 1524 060

232 1552 303 1611 Ηοο
318 1553 461 1628 juvenem
474 1554 630 1631 egregium
644 1556 797 1631 praestanti
810 1554 932 1614 moriere
947 1557 1046 1617 donat.

271 1645 354 1717 Pdst,
372 1646 424 1704 ubi
437 1646 566 1704 confecti
578 1666 698 1719 cursus,
713 1657 744 1705 et
758 1650 836 1707 dona
851 1650 967 1726 peregit
982 1669 990 1707 :

232 1737 331 1809 Nunc,
348 1739 374 1797 si
392 1739 442 1797 cui
455 1739 551 1797 virtus
564 1740 741 1816 animusque
754 1742 785 1798 iu
800 1749 922 1817 pectore
937 1760 1080 1818 premens,

231 1832 331 1903 Adsit,
347 1840 377 1890 et
391 1832 518 1890 evinctis
532 1832 647 1890 attollat
661 1833 786 1890 brachia
801 1834 915 1911 palmis.

233 1925 283 1984 Sic
298 1925 351 1998 eit,
366 1934 396 1983 et
409 1926 561 2003 geminum
575 1945 683 2003 pugnas
697 1927 833 2003 proponit
848 1926 1010 1986 honorem:
1162 1930 1221 1989 ³65

231 2017 345 2078 Victori
359 2020 490 2078 velatum
505 2039 579 2079 auro
594 2020 732 2095 vittisque
750 2020 914 2097 juvencum
928 2040 935 2091 ;

231 2113 355 2186 Ensem,
373 2122 464 2191 atque
478 2115 625 2192 insignem
639 2116 768 2192 galeam,
784 2116 892 2174 solutio
907 2116 994 2176 victo.

232 2207 260 2266 N
262 2228 299 2266 ec
312 2228 397 2266 mora
412 2227 420 2277 ;
444 2207 586 2265 continud
600 2209 692 2267 uastis
706 2228 775 2267 cum
790 2210 904 2267 viribus
920 2210 1005 2267 effert

232 2300 294 2360 Ora
307 2300 419 2373 Dares,
435 2320 605 2379 magnoque
621 2299 715 2359 virrim
731 2322 763 2360 se
779 2321 929 2361 murmure
943 2303 1019 2362 tollit
1033 2320 1041 2361 t

231 2394 318 2453 Solus
334 2395 385 2471 qui
398 2394 536 2452 Paridem
550 2395 655 2452 solitus
670 2394 853 2453 contendere
868 2404 994 2465 coutra;
1163 2399 1223 2457 ³¹10

231 2486 375 2565 idemque
389 2488 427 2545 ed
439 2488 595 2559 tumulum,
612 2507 672 2564 quo
685 2488 831 2546 maximus
845 2489 974 2547 occubat
987 2488 1117 2561 Hector,

230 2580 385 2639 Victorem
399 2581 497 2639 Buten
510 2581 631 2639 immani
645 2600 781 2657 corpore,
798 2582 847 2657 qui
862 2600 896 2639 se

230 2673 384 2752 Bebrycii
397 2675 521 2733 veniens
534 2676 642 2752 Amyci
656 2674 693 2733 de
707 2684 798 2753 gente
817 2676 944 2748 screbat,

231 2767 375 2839 Perculit,
392 2777 423 2825 et
441 2767 525 2827 fulvi
538 2768 744 2826 moribundum
758 2768 890 2827 extendit
905 2768 1012 2828 areni.

230 2862 315 2921 Talis
333 2863 428 2939 prima
440 2862 542 2920 Deres
555 2873 645 2939 caput
660 2862 753 2921 altum
767 2863 798 2921 iu
812 2864 918 2940 proelia
931 2864 1007 2922 tollit
1022 2880 1030 2921 τ
1163 2864 1223 2923 eto

231 2954 428 3032 Ostenditque
443 2956 583 3013 humeros
597 2954 684 3027 latos,
701 2956 878 3033 alternoque
896 2958 991 3032 jactet

229 3046 362 3107 Brachia
376 3048 567 3125 protendens,
583 3056 614 3105 et
628 3049 768 3106 verberat
782 3049 890 3108 ictibus
905 3068 1003 3109 auras.

231 3139 388 3207 Quaeritur
401 3140 471 3199 huic
485 3141 563 3199 alius
578 3159 585 3210 ;
609 3161 667 3199 nec
682 3142 839 3218 quisquam
854 3162 890 3201 ex
907 3143 1026 3221 ngrnine
1038 3150 1123 3204 tauto

230 3233 333 3293 Audet
348 3234 431 3292 adire
446 3236 552 3304 virum,
566 3236 764 3313 manibusque
777 3237 920 3295 inducere
935 3246 1055 3298 caestus.

230 3327 315 3405 Ergo
330 3329 452 3399 alacris,
469 3338 654 3405 cunctosque
668 3338 777 3407 putans
790 3330 938 3388 excedere
952 3329 1063 3407 palmi,
1164 3330 1224 3388 000

231 3419 341 3480 AEneae
355 3421 436 3479 stetit
451 3430 520 3479 ante
535 3422 627 3499 pedes
643 3443 651 3492 ;
675 3442 731 3481 nec
746 3424 833 3501 plura
846 3432 988 3495 moratus,

231 3512 311 3573 Turn
326 3514 404 3573 laevi
416 3524 537 3573 taurum
550 3536 644 3575 cornu
657 3524 750 3588 tenet,
767 3526 857 3594 atque
873 3517 913 3574 ita
928 3517 1027 3576 futur:

230 3607 261 3666 N
263 3616 313 3665 ate
327 3607 395 3680 ded,
412 3608 539 3667 sinemo
553 3610 643 3669 audet
657 3630 691 3669 se
706 3612 831 3669 credere
846 3630 964 3689 pugnae,

233 3700 311 3768 Qum
326 3702 394 3760 finis
407 3702 505 3761 standi
521 3703 531 3759 l
555 3703 615 3779 qud
628 3724 676 3762 me
690 3705 778 3762 decet
792 3722 888 3779 usque
902 3703 999 3761 teneri
1013 3702 1024 3759 ?

232 3793 356 3858 Ducere
370 3796 448 3854 dona
464 3797 547 3872 jube.
591 3798 703 3856 Cuncti
717 3797 804 3855 simul
819 3816 871 3855 ore
886 3797 1051 3855 fremebant
1165 3800 1223 3857 305

232 3873 427 3961 Dardanidas,
443 3890 588 3967 reddique
602 3892 667 3948 viro
681 3890 827 3967 promissa
844 3890 998 3965 jubebunt.
1282 3880 1287 3889 ’

233 3980 296 4039 Hic
310 3984 413 4059 grauis
426 3983 580 4043 Entellum
593 3984 680 4042 dictis
693 3985 822 4061 castigat
837 3984 976 4054 Acestes,

233 4073 390 4133 Proximus
404 4085 435 4133 ut
450 4077 595 4135 viridante
613 4086 679 4135 toro
693 4076 871 4135 consederat
891 4077 1011 4135 herbae:

270 4166 402 4241 Entello,
418 4170 543 4230 heroum
559 4172 708 4250 quondam
727 4171 885 4229 fortissime
901 4171 1022 4243 frustra,
1063 4186 1068 4197 ·

231 4260 370 4321 'I'antnne
383 4272 445 4323 tam
458 4266 575 4342 patiens
588 4265 670 4325 nullo
685 4264 848 4323 certamine
862 4265 925 4323 tolli
1162 4268 1222 4327 ³90
1248 4292 1255 4302 =

232 4352 323 4417 Dono
341 4357 449 4417 sines?
470 4360 523 4419 ubi
535 4379 616 4419 nunc
629 4359 715 4419 nobis
729 4358 804 4418 deur
818 4360 879 4432 ille,
894 4358 1038 4439 magister
