3167 5234
545 543 717 594 BNBIDOS
736 543 808 591 Lifl.
820 543 867 591 tx.

240 684 348 757 Dixit,
364 690 396 741 et
407 684 439 743 iu
451 682 563 743 nmium
576 682 697 760 paritius
710 702 744 743 ss
758 682 877 744 sustulit
891 682 946 744 alis
960 701 968 752 3

215 779 433 861 lugentemque
446 776 520 855 fuge
531 778 628 836 secuit
641 778 697 836 auh
711 775 840 837 nubibus
854 795 967 837 noum.

214 872 348 953 Agnovit
356 870 487 949 juvenis,
502 870 696 949 duplicesque
709 870 750 930 sd
762 869 865 931 sideru
877 870 991 947 palma

214 966 350 1038 Sustulit,
365 973 396 1025 et
408 965 462 1025 tati
473 964 638 1043 fugientem
651 971 697 1022 est
711 983 786 1023 voco
800 971 923 1025 secutus
938 980 946 1025 t

214 1058 268 1133 Iri,
283 1059 377 1119 decus
389 1059 471 1131 cmii,
486 1058 597 1136 quista
611 1058 682 1123 mihi
693 1058 822 1119 nubibus
836 1068 935 1117 aotam

184 1214 188 1218 ,
213 1152 332 1213 Detulit
344 1153 486 1213 interrae
500 1152 512 1209 t
534 1150 612 1211 uude
626 1153 692 1211 heo
703 1160 765 1211 tarn
777 1151 862 1211 clara
879 1149 1002 1229 repente

213 1246 395 1325 Tempestas
409 1245 420 1303 i
440 1245 571 1305 medium
584 1244 672 1304 rideo
684 1244 841 1305 discedere
854 1244 975 1316 omium.

213 1340 415 1418 Palantesqus
428 1341 496 1418 polo
508 1340 621 1400 stelias.
664 1341 783 1416 Sequor
794 1340 893 1402 omina
906 1346 1001 1411 tanta,

214 1434 361 1512 Quisquis
374 1435 405 1494 in
418 1454 502 1495 urma
513 1452 615 1493 rocus.
656 1432 697 1492 Et
711 1434 756 1493 siu
769 1432 878 1491 effatus
892 1432 930 1491 ad
945 1431 1053 1493 undum

212 1528 377 1602 Processit,
392 1546 566 1604 summoque
580 1526 680 1586 hausit
693 1525 730 1584 de
743 1526 863 1605 gurgite
878 1526 1024 1603 lymphas,

212 1620 314 1682 Multa
326 1622 399 1681 deos
411 1642 502 1686 orans
515 1640 524 1691 ;
546 1620 741 1697 oneravitque
755 1620 870 1679 uthere
883 1619 967 1679 votis.

249 1716 381 1794 Jamque
394 1716 490 1775 omnis
503 1714 616 1792 campis
630 1714 781 1772 exercitus
795 1713 857 1771 ibet
872 1712 992 1790 apertis,

211 1809 307 1870 Diras
320 1806 440 1887 aquino,
456 1808 541 1867 dives
554 1808 646 1885 pictut
659 1807 751 1867 restis
763 1815 794 1865 et
809 1806 888 1865 auri.

210 1902 373 1982 Messapus
386 1902 496 1981 primas
509 1903 603 1973 scies,
618 1914 768 1980 postrema
781 1902 925 1960 coiroent

210 1996 369 2075 Tyrrhidta
379 1997 516 2073 juvenes,
531 1995 629 2054 medio
642 1995 702 2053 dux
715 1995 835 2073 agmine
851 1994 994 2053 Turnus:

213 2090 363 2170 [Vertitur
375 2110 460 2151 arma
470 2098 588 2162 teneus,
604 2098 635 2149 et
647 2099 710 2148 toto
723 2090 837 2149 vertice
851 2086 942 2167 suprd
955 2087 1026 2167 ast]

211 2182 290 2257 Ceu,
307 2192 421 2263 septem
434 2202 562 2263 surgens
575 2183 689 2242 sedatis
702 2183 849 2254 amnibus,
862 2182 942 2241 altus

209 2279 270 2339 Per
281 2281 406 2339 tacitum
420 2280 554 2357 Gangas,
571 2287 622 2337 aut
636 2278 738 2356 pingui
752 2278 874 2335 flumine
888 2276 917 2335 N
920 2277 987 2349 itus,

212 2374 313 2443 Quum
326 2374 425 2433 refluit
439 2373 563 2451 campis,
579 2380 609 2429 et
618 2370 682 2448 jam
694 2390 728 2430 se
742 2369 872 2430 condidit
887 2370 985 2429 alveo.

209 2467 275 2527 Hic
289 2468 416 2525 subitam
429 2467 517 2544 nigro
530 2466 691 2545 glomerari
705 2465 829 2543 putrore
843 2465 953 2522 nubem

209 2561 399 2639 Prospiciunt
411 2560 536 2631 Teucri,
552 2578 589 2618 ac
601 2560 743 2618 tenebras
756 2558 915 2635 insurgere
929 2555 1055 2635 campis.

208 2654 329 2715 Primus
342 2656 379 2713 ab
394 2652 522 2713 adversi
534 2654 702 2712 conclamat
716 2652 794 2710 mole
808 2651 925 2711 Caicus
940 2670 948 2709 τ

211 2749 288 2818 Quia
301 2750 419 2828 globus,
435 2767 454 2806 o
467 2748 559 2819 cives,
573 2746 703 2825 caligine
717 2745 844 2805 volvitur
859 2743 927 2805 atri
941 2748 948 2803 Ι

210 2844 302 2903 Ferte
315 2844 367 2920 citi
380 2844 502 2915 serrum,
517 2842 586 2901 date
597 2844 668 2914 tela,
684 2840 820 2900 scandite
834 2860 936 2899 muros
951 2859 959 2912 ς

210 2936 317 2997 Hostis
331 2936 426 3008 adest,
441 2937 509 2995 eiu!
531 2935 794 3015 Ingenticlamora
809 2954 862 3012 per
876 2952 980 2993 omnes

212 3030 352 3092 condunt
363 3050 396 3089 se
409 3030 524 3089 Teucri
539 3039 650 3108 portas,
666 3038 696 3087 et
705 3029 815 3089 munia
829 3030 987 3105 complent.

211 3123 350 3202 Numque
363 3124 405 3183 ita
417 3119 575 3182 discedens
589 3132 774 3201 praeceperat
787 3123 915 3200 optimus
929 3122 1020 3183 armis

210 3217 330 3277 AEncas
345 3237 352 3275 :
374 3218 473 3293 siqua
486 3217 602 3275 interea
616 3216 735 3274 fortuna
748 3216 864 3288 suisset,

210 3310 279 3371 Neu
293 3320 410 3369 struere
425 3309 568 3370 auderent
582 3310 689 3382 aciem,
704 3311 904 3369 concredere
918 3328 1024 3385 campo
1040 3326 1048 3378 3

212 3405 325 3467 Castra
337 3404 424 3464 modo
437 3413 467 3463 at
479 3412 561 3463 tutos
574 3394 729 3463 servarent
743 3422 857 3483 aggere
871 3422 980 3464 muros.

210 3500 307 3578 Ergo,
323 3500 380 3558 etsi
393 3498 530 3559 conferre
544 3517 663 3556 manum
678 3498 772 3576 pudor
785 3499 890 3574 iraque
905 3504 1060 3569 monstrat,

211 3594 363 3670 objiciunt
377 3600 479 3671 portua
491 3600 602 3663 tumen,
618 3600 648 3650 et
662 3600 814 3669 praecepta
828 3591 989 3662 facessunt,

209 3684 390 3763 Armatique
403 3686 487 3746 cavis
500 3686 820 3765 exspectantturribus
834 3686 958 3746 hostem.

210 3778 343 3852 Turnus,
360 3788 392 3839 ut
406 3780 475 3839 antt
489 3781 593 3839 volans
605 3779 723 3839 tardum
737 3790 935 3856 proecesaerat
949 3796 1069 3857 agmon,

209 3872 326 3952 Viginti
340 3875 426 3933 lectis
439 3874 573 3951 equitum
586 3872 754 3945 comitatus,
770 3880 801 3930 et
815 3871 882 3930 urbi

208 3966 392 4045 Improvisus
405 3969 491 4028 udest
507 3988 514 4039 ;
539 3967 665 4027 maculis
679 3986 768 4043 quem
780 3964 932 4025 Thracius
947 3964 1023 4023 albis

207 4059 313 4120 Portet
326 4082 433 4138 equus,
449 4062 602 4139 cristtque
615 4062 690 4140 tegit
703 4060 795 4139 galea
807 4078 901 4117 auree
914 4057 1017 4119 rubri.
1157 4058 1198 4121 60

206 4152 325 4231 Ecquis
338 4156 395 4214 erit
409 4176 537 4229 mecum,
548 4157 677 4233 juvenes
693 4155 704 4211 ?
726 4155 777 4232 qui
791 4154 903 4231 primur
917 4154 947 4213 in
961 4154 1078 4213 hostem
1092 4152 1104 4212 i

205 4246 266 4320 En,
283 4249 335 4309 ait.
378 4250 418 4309 Et
427 4250 562 4328 jaculum
575 4258 749 4327 attorquens
764 4249 870 4310 emittit
883 4249 913 4309 in
927 4268 1027 4323 atrraa,

205 4338 392 4424 Principium
404 4364 524 4426 pugno,
540 4352 571 4403 et
582 4364 690 4424 campo
703 4362 773 4403 sese
786 4343 899 4404 arduus
910 4343 1008 4403 insert.
