3167 5234
835 346 850 386 l

377 552 436 611 ,ω
663 543 691 591 r.
711 540 879 589 vrnornn
896 540 1069 591 usnorue

378 684 474 745 Vobis
487 683 567 761 piots
580 698 670 743 eroco
683 692 714 749 et
727 680 853 761 fulgenti
866 680 979 739 murice
993 680 1105 751 sertin

378 776 513 841 Desidiae
527 776 608 835 cordi
624 796 631 845 ;
650 776 735 851 juret
752 774 908 851 indulgere
922 774 1041 833 choreis
1055 793 1064 843 ς
1303 774 1362 837 616

379 871 420 930 Et
433 870 542 929 tuniem
556 871 700 941 muniens,
715 878 746 927 et
759 870 870 927 hebent
887 867 1062 927 redimiculo
1073 865 1178 927 mitres.

379 963 407 1023 Ο
421 963 492 1023 vere
506 964 657 1041 Phrygiae,
673 982 770 1040 neque
785 962 865 1021 enim
876 960 1026 1039 Phryges,
1042 960 1083 1021 ito
1096 978 1150 1037 per
1162 959 1224 1021 urs

379 1056 540 1134 Dindyma,
558 1058 608 1115 ubi
622 1058 751 1115 assuetis
764 1056 890 1115 biforem
904 1054 955 1113 det
967 1054 1042 1113 tibin
1054 1061 1184 1113 eentum.

379 1150 537 1228 Tympano
551 1170 603 1209 voe
619 1151 774 1225 buxusque
788 1158 897 1207 vocent
910 1146 1092 1223 Berecyntio
1102 1146 1208 1207 utris

379 1241 480 1307 ldaeae.
520 1243 613 1301 Sinite
628 1262 710 1301 arms
725 1242 807 1313 viris,
823 1250 853 1299 et
867 1240 965 1299 eedite
977 1240 1068 1299 serre.
1300 1240 1364 1301 82⁰

419 1336 508 1395 Telis
518 1336 682 1413 jaetantem
697 1335 786 1394 dietis
799 1354 837 1393 ee
850 1334 917 1393 dire
930 1344 1090 1395 eruentem

379 1428 449 1487 Non
463 1430 528 1487 tulit
542 1429 690 1489 munius
704 1447 712 1498 ς
735 1446 888 1504 nervoque
900 1429 1046 1487 obversor
1058 1426 1169 1503 equino

380 1521 510 1580 Intendit
523 1522 625 1595 telum,
641 1522 819 1597 diverseque
835 1522 957 1581 brnelrie
975 1522 1090 1581 ducens

380 1612 532 1687 Constitit,
550 1614 618 1673 unte
632 1614 739 1673 Jovem
753 1615 878 1692 supplex
892 1634 946 1692 per
957 1623 1027 1673 ente
1045 1620 1205 1690 precatus:

379 1706 499 1785 Jupiter
511 1708 705 1785 omnipotens,
722 1708 886 1767 audaeibus
899 1726 998 1766 annue
1012 1706 1140 1783 emptis:

381 1799 449 1877 lpse
464 1802 516 1860 tibi
532 1800 568 1859 ed
581 1810 633 1859 tue
647 1802 758 1879 temple
772 1802 865 1860 serem
879 1802 1023 1861 solemnis
1037 1801 1137 1869 donn

379 1892 420 1953 Et
434 1902 562 1953 stetuem
575 1903 645 1954 ente
660 1914 729 1955 eres
744 1895 851 1955 auratis
864 1896 960 1953 fronte
970 1894 1134 1970 juvencum

381 1986 578 2059 Gaudentem,
594 1988 765 2065 pariterque
780 1996 870 2066 ceput
883 2006 953 2047 cunr
963 1996 1060 2047 mstre
1073 1986 1229 2058 serentem,

383 2078 466 2157 [Jnm
480 2100 572 2139 cornu
588 2090 668 2159 petet
682 2091 711 2140 et
726 2082 851 2159 pedibus
865 2082 915 2158 qui
928 2088 1052 2160 spsrgst
1065 2079 1214 2158 uenum]

381 2173 482 2237 Audiit
497 2182 526 2233 et
539 2176 610 2235 ooli
622 2177 741 2254 genitor
754 2176 791 2235 de
807 2184 889 2252 perte
904 2174 1014 2233 urenti

381 2264 512 2326 Intonuit
526 2268 632 2327 laeviinr
649 2288 655 2327 :
679 2278 764 2327 sonet
779 2266 840 2327 unt
855 2268 955 2327 fetifer
967 2286 1066 2326 orons.

380 2358 495 2439 Effugit
508 2361 687 2422 horrendum
701 2362 830 2421 stridens
843 2361 973 2420 sdduets
985 2361 1108 2439 sagitte,
1182 2382 1191 2391 ·

379 2452 499 2530 Perque
513 2464 602 2532 eaput
616 2455 738 2515 Remuli
751 2456 842 2527 veuit,
858 2464 887 2512 et
901 2472 977 2513 euve
989 2463 1124 2530 temporo
1137 2452 1217 2511 l'erro

380 2544 515 2624 Trsjioit.
559 2546 584 2619 1,
602 2550 701 2607 verbis
715 2550 854 2607 virtutem
867 2548 958 2606 illude
971 2548 1117 2624 superbie.

380 2636 433 2699 Bis
447 2640 526 2717 cepti
539 2641 678 2719 Phryges
692 2643 757 2701 hmo
771 2642 894 2701 Rutulis
906 2660 1051 2719 responso
1064 2641 1226 2699 remittunt.

381 2731 451 2791 Hoo
469 2734 582 2792 tentum
597 2734 756 2793 Arrenius.
798 2733 912 2794 Teucri
926 2735 1057 2793 elemore
1069 2739 1246 2809 sequuntur,

379 2822 560 2903 Letitizlque
576 2826 713 2898 fremunt,
730 2828 904 2903 animosque
918 2828 957 2885 ed
969 2826 1072 2885 sidero
1084 2826 1199 2885 tollunt.

420 2918 564 2978 AEtherirl
576 2928 638 2977 tum
653 2919 726 2977 sorti
742 2919 833 2997 plegii
845 2920 970 2979 crinitos
983 2920 1093 2996 Apollo

380 3009 522 3087 Desuper
535 3013 688 3070 Ausonias
703 3013 783 3071 ecies
798 3014 961 3089 urbemque
975 3012 1107 3084 videbat,

380 3102 469 3165 Nube
483 3104 590 3163 sedens
604 3124 612 3173 ;
637 3113 726 3180 utque
740 3106 786 3165 his
799 3106 942 3164 rictorem
956 3106 1067 3166 offatm
1078 3105 1177 3166 lulum
1191 3124 1200 3163 :

380 3195 482 3254 Meete
497 3196 708 3268 noverimne,
725 3217 799 3275 puer
814 3217 822 3267 3
844 3198 890 3257 sie
903 3200 963 3257 itur
976 3198 1013 3257 ed
1026 3207 1119 3269 nstro,

379 3290 439 3349 Dis
452 3291 563 3370 genite,
580 3300 609 3349 et
623 3292 759 3369 geniture
774 3292 857 3351 deos.
896 3293 974 3351 dure
987 3293 1087 3351 omnis
1100 3292 1181 3351 belle

380 3383 479 3443 Gente
493 3385 549 3443 sub
563 3385 707 3447 marsei
720 3384 781 3444 sete
796 3393 922 3444 venturo
935 3385 1066 3443 resident
1080 3404 1087 3443 :
1119 3439 1124 3451 ,

379 3476 447 3535 Nec
460 3486 491 3536 te
504 3478 597 3553 Troje
611 3478 699 3555 oepit.
742 3478 846 3550 Simul,
861 3478 927 3537 hmo
941 3478 1060 3550 effetus,
1077 3480 1116 3537 sl)
1129 3478 1189 3537 ulto

378 3570 509 3633 AEffhere
524 3590 557 3629 se
571 3570 667 3642 mittit,
683 3572 831 3649 spirantes
844 3571 972 3631 dimovet
986 3590 1088 3643 sures,

379 3664 603 3739 Ascaniumque
617 3664 698 3741 petit.
740 3664 880 3723 Formam
893 3674 956 3723 tum
970 3664 1095 3724 vertitur
1106 3664 1168 3723 oris

378 3758 542 3834 Antiquom
557 3758 586 3815 in
603 3758 707 3819 Buten.
749 3756 812 3817 Hie
825 3757 981 3817 Dardanio
993 3757 1135 3816 Anelrisn

379 3849 521 3929 Armiger
534 3851 603 3911 ente
618 3852 682 3923 luit,
698 3852 835 3927 fidusque
847 3851 887 3909 ed
900 3851 1002 3909 limine
1014 3860 1116 3909 eustos
1130 3869 1138 3919 ;

379 3943 456 4001 Tum
470 3944 607 4005 comitem
619 3946 752 4005 Asconio
766 3954 852 4022 puter
865 3944 986 4005 rddidit.
1027 3944 1095 4003 lbet
1107 3942 1217 4021 Apollo

379 4035 487 4099 Omnis
501 4038 636 4115 longaevo
649 4040 763 4111 similis,
779 4057 955 4116 vocemque,
971 4039 1174 4116 coloremque,

377 4129 418 4188 Et
432 4130 531 4189 crines
545 4133 638 4203 albos,
654 4142 684 4191 et
698 4153 780 4191 saevs
793 4133 950 4191 sonoribus
964 4150 1069 4201 srmn3

377 4222 480 4299 Atque
495 4224 540 4283 his
555 4225 707 4285 ardentem
721 4228 809 4285 dietis
822 4228 932 4286 effatur
945 4226 1043 4284 lulum
1058 4242 1066 4281 t

336 4364 344 4370 .
378 4317 421 4376 Sit
435 4318 518 4390 setis,
533 4319 686 4393 AEnesde,
701 4323 769 4381 telis
784 4322 901 4400 impune
915 4322 1087 4381 Numsnnnt
