3167 5234
415 615 418 622 Ι
545 549 719 603 muninus
739 555 871 604 nram.

217 693 317 754 Unum
330 693 421 753 etiam
436 691 610 764 derisistis,
627 713 694 770 qum
709 695 837 772 plurima
854 695 931 754 mitti

173 791 177 804 '
217 776 401 848 Dardanidis
415 787 534 864 dicique
546 788 644 863 jubes,
661 807 762 857 unum,
780 789 889 867 optime
902 808 1019 870 regum,

218 882 353 958 Adjicias
366 900 374 952 3
398 889 499 940 necte
514 881 603 940 ullius
617 881 758 940 violentia
773 884 902 956 vincat*

219 973 301 1043 Quin
316 983 415 1034 natam
429 975 554 1052 egregio
568 993 681 1053 genero
696 975 854 1054 dignisque
867 977 1032 1055 hymenaeis

217 1070 284 1130 Des
297 1079 393 1148 pater,
410 1077 439 1126 ct
453 1087 558 1145 pacem
572 1069 650 1126 hanc
663 1077 776 1128 eterno
791 1071 905 1129 loedere
919 1073 1028 1132 firmes.

218 1163 310 1233 Qudd
325 1165 351 1222 si
363 1171 465 1222 tentus
479 1164 569 1221 hebet
584 1175 698 1222 mentes
712 1173 741 1223 et
756 1173 880 1242 pectora
892 1175 1000 1241 terror,

220 1257 322 1336 Ipsum
334 1258 527 1328 obtestemur,
545 1259 722 1334 veniamque
737 1277 856 1317 oremus
871 1262 910 1318 ab
924 1261 988 1340 ipsu
1001 1280 1010 1333 3

220 1351 329 1422 Cedat,
342 1351 393 1427 jus
407 1350 556 1428 proprium
570 1351 635 1429 regi
650 1352 813 1430 patriaeque
827 1355 968 1415 remittet.

220 1445 301 1514 Quid
315 1445 440 1504 miseros
453 1446 542 1503 toties
556 1446 585 1503 in
600 1453 703 1522 aperta
717 1447 852 1524 pericula
868 1449 951 1507 cives

220 1539 355 1616 Projicia,
372 1559 390 1596 o
403 1538 492 1596 Latio
505 1546 596 1616 caput
611 1539 714 1596 horum
727 1547 757 1597 et
771 1558 866 1598 cause
880 1541 1024 1602 malorum
1038 1542 1050 1600 l

219 1637 248 1696 N
252 1637 313 1694 ulle
326 1633 408 1693 salus
422 1633 501 1692 bello
514 1651 522 1690 t
545 1653 651 1710 pecem
664 1641 694 1690 te
709 1635 859 1710 poscimus
872 1646 988 1709 onmes,

220 1729 335 1799 Turne,
351 1726 436 1784 simul
452 1726 535 1803 pacis
549 1727 643 1784 solum
658 1727 829 1785 inviolabile
845 1728 961 1806 pignus.

219 1823 337 1882 Primus
351 1841 419 1900 ego,
436 1821 561 1878 invisum
576 1839 664 1896 quem
678 1829 709 1878 tu
724 1821 777 1878 tibi
791 1821 889 1900 lingis,
906 1830 936 1880 et
950 1841 1020 1882 esse

221 1917 270 1978 Nil
284 1935 394 1987 moror,
410 1935 457 1986 en,
474 1914 597 1992 supplex
611 1915 707 1974 venio.
749 1911 899 1974 Miserere
912 1924 1051 1988 tuorum;

220 2011 302 2072 Pone
318 2009 443 2079 animos,
460 2015 490 2066 et
505 2008 607 2084 pulsus
626 2009 684 2066 abi.
728 2010 779 2066 Set
794 2009 902 2067 funera
915 2009 974 2069 fusi

219 2105 368 2175 Vidimus,
382 2104 519 2181 ingentes
534 2111 563 2158 et
578 2101 777 2162 desolavimus
793 2122 892 2181 egros.

221 2201 291 2272 Aut,
308 2200 334 2257 si
349 2198 427 2256 sema
439 2203 547 2268 movet,
564 2197 589 2254 si
603 2205 717 2255 tantum
730 2205 852 2275 pectore
866 2200 959 2257 robur

124 2355 129 2362 ,
222 2291 376 2370 Concipis,
392 2299 422 2350 et
436 2291 462 2349 si
478 2288 553 2349 aded
568 2290 675 2348 dotalis
688 2291 774 2369 regie
788 2293 871 2350 cordi
886 2301 942 2365 est,

222 2387 320 2459 dude,
335 2398 425 2462 etque
440 2385 596 2442 adversum
611 2384 706 2442 fidens
720 2385 765 2444 ser
779 2393 884 2463 pectus
900 2387 931 2445 in
944 2387 1068 2448 hostem.

222 2481 353 2552 Scilicet,
369 2487 401 2537 ut
414 2479 518 2537 Turno
533 2478 685 2556 contingat
700 2479 785 2557 regis
799 2481 920 2556 conjux,

222 2575 297 2646 Nos,
314 2573 417 2632 animae
431 2572 517 2643 viles,
534 2571 686 2629 inhumata
701 2573 861 2650 infletaque
875 2576 975 2647 turbe,

222 2669 396 2728 sternamur
409 2665 522 2742 campis
538 2667 546 2721 l
590 2663 630 2722 m
639 2665 702 2740 jem
715 2673 757 2737 tu,
774 2666 799 2724 si
814 2685 874 2742 qua
887 2668 942 2726 tibi
955 2668 1011 2741 vis,

223 2763 255 2822 si
268 2761 354 2840 patrii
368 2759 438 2837 quid
453 2757 564 2817 Martis
578 2757 682 2830 habes,
699 2759 781 2817 illum
797 2759 917 2838 adspice
933 2762 1050 2836 contri,

222 2855 396 2924 univocae
1147 2856 1209 2915 ³¹16

260 2947 388 3006 Talibus
401 2947 513 3005 exarsit
527 2945 615 3004 dictis
628 2947 767 3005 violentis
782 2947 879 3007 Turni
893 2969 901 3019 3

221 3043 283 3103 Dat
298 3042 450 3122 gemitum,
466 3041 634 3118 rumpitque
648 3039 703 3120 luas
717 3041 775 3098 imo
789 3051 911 3118 pectore
926 3060 1039 3102 voces:

220 3137 325 3215 Larga
338 3135 466 3212 quidem,
482 3133 617 3205 Drance,
634 3153 752 3212 semper
765 3135 818 3193 tibi
833 3138 919 3214 copie
933 3135 1025 3208 sandi,

220 3231 299 3290 Tum
314 3248 405 3306 quum
418 3228 497 3287 bella
511 3225 616 3285 manus
630 3237 755 3304 poscunt
769 3247 776 3298 3
801 3231 995 3307 patribusque
1010 3228 1124 3289 vocatis

220 3325 339 3385 Primus
354 3323 435 3380 ades.
478 3321 537 3380 Sed
552 3341 611 3380 nou
624 3321 768 3399 replendo
782 3332 828 3381 est
843 3323 926 3381 curis
941 3323 1051 3395 verbis,
1152 3323 1212 3381 880

221 3419 299 3487 Qus
313 3415 377 3476 tutd
392 3415 445 3474 tibi
459 3433 568 3493 magna
581 3416 693 3485 volunt,¹
708 3416 777 3473 dum
791 3416 911 3473 distinct
925 3416 1042 3473 hostem

221 3513 327 3591 Agger
340 3527 502 3579 murorum,
519 3527 576 3566 nec
589 3508 732 3566 inundent
747 3510 893 3588 sunguine
907 3510 1005 3568 fossae.

219 3603 350 3664 Proinde
365 3612 435 3661 tona
448 3601 577 3678 eloquio,
594 3602 712 3660 solitum
725 3603 778 3662 tibi
792 3623 801 3672 ;
825 3602 932 3679 meque
947 3601 1061 3661 timoris

220 3699 325 3776 Argue
339 3705 382 3767 tu,
403 3695 538 3767 Drance,
555 3696 673 3771 quendo
686 3703 729 3753 tot
743 3697 853 3774 stragis
867 3715 993 3754 acervos

219 3791 410 3851 Teucrorum
423 3797 475 3847 tua
489 3788 593 3846 dextre
607 3789 697 3860 dedit,
712 3790 881 3866 passimque
895 3789 1017 3866 tropaeis
1151 3789 1211 3848 886

221 3884 353 3963 Insignis
368 3903 467 3962 egros.
509 3883 608 3940 Possit
624 3883 694 3959 quid
708 3883 806 3940 vivida
820 3883 924 3955 virtus,

221 3977 388 4056 Experiere
403 3978 493 4036 licet:
517 3994 573 4035 nec
587 3975 676 4054 longe
692 3975 807 4034 scilicet
823 3977 925 4035 hostes

222 4071 387 4141 Quaerendi
401 4073 486 4130 nobis
502 4089 509 4141 ;
533 4070 726 4128 circumstant
741 4070 872 4147 undique
885 4089 995 4130 murus.

222 4165 304 4224 lmus
318 4165 348 4223 in
364 4164 506 4223 adversos
522 4163 533 4221 l
575 4163 656 4232 Quid
671 4183 773 4222 cessus
790 4163 801 4220 i
821 4183 860 4222 au
875 4165 927 4222 tibi
941 4163 1065 4225 Mavors

222 4256 360 4317 Ventosti
373 4259 403 4316 in
416 4257 520 4338 lingui
534 4258 717 4341 pedibusque
732 4257 890 4337 fugacibus
904 4258 969 4318 istis
1150 4259 1211 4319 ³90

223 4351 349 4430 Semper
362 4351 443 4410 erit?
