3167 5234
350 563 390 624 76
634 559 661 608 Ρ.
685 557 857 606 VlRGlLII
881 557 1057 605 Minonis

350 699 518 784 Pinguibus
532 718 552 759 a
564 699 701 772 stabulis,
718 717 926 776 meropesque,
943 698 1072 774 aliaeque
1085 695 1235 770 volucres,

349 797 391 855 Et
405 795 541 854 manibus
554 793 672 854 Procne
687 802 792 871 pectus
806 793 927 871 signata
941 791 1074 851 cruentis
1089 810 1097 849 ε
1308 785 1344 852 15

350 890 460 951 Omnia
473 909 542 950 nam
555 889 616 949 late
631 896 760 960 vastant,
777 889 919 966 ipsasque
930 887 1066 946 volantes

350 984 413 1045 Ore
429 985 538 1058 serunt,
554 984 672 1044 dulcem
686 983 763 1042 nidis
777 983 939 1042 immitibus
953 1000 1065 1041 escam.

339 1075 391 1140 'At
405 1079 509 1157 liquidi
524 1079 621 1138 sontes
636 1089 665 1137 et
679 1087 789 1156 stagna
802 1078 929 1136 virentia
941 1095 1046 1136 musco

352 1173 472 1246 Adsint,
489 1181 518 1232 et
531 1173 630 1232 tenuis
645 1171 763 1251 fugiens
778 1191 832 1249 per
845 1170 983 1250 gramina
996 1171 1079 1230 mvus
1092 1189 1102 1240 ;

263 1255 265 1260 ’
350 1266 516 1344 Palmaque
530 1267 709 1325 vestibulum
724 1274 775 1324 aut
788 1266 896 1343 ingens
909 1264 1040 1323 oleaster
1053 1264 1201 1323 inumbret
1213 1281 1221 1334 ;

351 1361 402 1434 Ut,
418 1380 508 1439 quum
523 1361 619 1440 prima
633 1361 702 1419 novi
717 1360 828 1420 ducent
842 1359 981 1419 examine
993 1378 1085 1437 reges

351 1455 432 1515 Vere
447 1475 513 1528 suo,
529 1453 672 1532 ludetque
687 1454 764 1514 favis
778 1455 889 1514 emissa
898 1453 1052 1531 juventus,

351 1549 462 1609 Vicina
474 1549 577 1608 invitet
591 1548 739 1608 decedere
754 1549 820 1626 ripa
834 1547 951 1618 calori3

351 1644 509 1722 Obviaque
523 1644 658 1722 hospitiis
671 1651 774 1702 teneat
787 1642 995 1703 frondentibus
1009 1643 1109 1702 arbos.

352 1739 388 1799 In
401 1739 541 1812 medium,
557 1759 612 1798 seu
627 1739 716 1798 stabit
730 1739 822 1810 iners,
838 1757 892 1797 seu
907 1737 1034 1815 profluet
1047 1738 1163 1810 humor,

350 1833 556 1894 hansterses
570 1833 678 1892 salices
694 1841 723 1890 et
737 1831 865 1911 grandia
877 1831 994 1907 conjice
1008 1850 1103 1902 saxa3

351 1927 497 1986 Pontibus
511 1934 542 1985 ut
557 1926 672 1986 crebris
687 1925 800 2004 possint
814 1925 991 1996 consistere,
1005 1934 1036 1984 et
1050 1926 1116 1984 alas

351 2020 490 2081 Pendere
505 2020 542 2079 ad
557 2021 692 2080 aestivum
706 2019 802 2078 solem
815 2038 823 2089 3
840 2018 866 2077 si
880 2019 957 2078 sortd
971 2028 1122 2078 morantes

353 2114 513 2192 sparserit,
530 2122 581 2173 aut
595 2133 729 2192 preceps
743 2113 772 2172 Ν
775 2120 885 2190 eptuno
899 2112 1076 2171 immerserit
1089 2111 1203 2174 Eurus.

351 2207 432 2268 Haec
446 2207 560 2268 circum
574 2209 666 2268 casiae
680 2207 802 2277 virides,
819 2214 849 2266 et
862 2207 975 2265 olentia
988 2206 1049 2266 late

352 2302 500 2381 Serpylla,
516 2309 547 2362 et
561 2301 694 2380 graviter
707 2300 849 2379 spirantis
862 2301 950 2378 copia
963 2301 1110 2379 thymbrae

351 2393 475 2456 Floreat
489 2414 497 2466 ;
520 2395 727 2475 irriguumque
740 2397 844 2455 bibant
857 2395 984 2454 violaria
997 2394 1118 2456 sontem.

392 2489 462 2568 lpse
475 2497 586 2562 autem,
603 2509 656 2548 seu
672 2490 834 2549 corticibus
849 2489 901 2549 tibi
915 2497 984 2548 suta
997 2489 1125 2562 cevatis,

353 2585 413 2642 Seu
427 2583 507 2644 lento
521 2583 631 2642 fuerint
646 2583 778 2643 alvearia
792 2583 901 2643 vimine
914 2592 1007 2654 texta,

353 2676 506 2754 Angustos
520 2676 650 2736 babeant
665 2676 763 2735 aditus
778 2695 785 2734 τ
809 2697 877 2735 nem
892 2676 1004 2754 frigore
1018 2676 1108 2735 mella

353 2767 445 2848 Cogit
459 2770 563 2842 biems,
579 2770 745 2846 eademque
760 2771 845 2829 calor
857 2770 1020 2846 liquefacta
1033 2769 1165 2831 remittit.

353 2862 488 2940 Utraque
502 2863 548 2922 vis
562 2863 668 2941 apibus
682 2865 795 2941 pariter
807 2865 988 2924 metuenda:
1014 2883 1114 2941 neque
1128 2863 1187 2925 illae
1208 2909 1222 2927 t

352 2955 565 3034 Nequidquam
579 2957 609 3015 in
622 2958 710 3016 tectis
724 2959 862 3018 certatim
874 2959 978 3017 tenuia
992 2956 1066 3018 cerii

354 3049 542 3126 Spiramenta
556 3050 662 3122 linunt,
678 3052 809 3130 sucoque
823 3061 853 3112 et
867 3053 991 3112 floribus
1005 3073 1075 3112 oras

352 3143 493 3221 Explent,
509 3144 728 3223 collectumque
743 3146 809 3206 haec
823 3147 889 3225 ipsa
903 3147 941 3206 ed
956 3166 1082 3207 munera
1095 3147 1198 3227 gluten

352 3237 393 3296 Et
406 3237 489 3297 visco
502 3245 532 3297 et
546 3237 687 3317 Pbrygim
702 3248 829 3300 servant
838 3242 905 3318 pice
919 3241 1029 3300 lentius
1045 3241 1118 3303 ldae.

354 3331 440 3409 Saepb
455 3331 546 3392 etiam
559 3331 686 3404 effossis,
703 3333 729 3392 si
743 3351 817 3393 veru
830 3343 876 3393 est
889 3335 979 3409 fama,
994 3335 1119 3394 latebris

354 3425 415 3484 Sub
429 3423 512 3484 terri
525 3422 627 3486 sevire
641 3427 746 3500 larem,
763 3428 940 3506 penitirsquc
954 3437 1083 3508 repertae

352 3517 586 3595 Pumicibusque
600 3520 694 3592 cavis,
711 3539 871 3599 exesaeque
885 3523 1003 3582 arboris
1017 3532 1113 3583 antro.

352 3611 401 3670 Tu
415 3623 516 3670 tamen
529 3631 546 3670 e
560 3612 619 3672 levi
633 3614 744 3674 rimosa
758 3617 871 3675 cubilia
885 3617 955 3676 limo

352 3703 440 3783 Unge
455 3705 558 3766 fovens
572 3707 696 3780 circium,
713 3717 743 3767 et
756 3729 843 3768 raras
862 3710 956 3788 super
968 3711 1057 3788 injice
1071 3711 1202 3772 frondes.

353 3797 421 3857 Neu
436 3801 556 3878 propibs
569 3803 658 3862 tectis
671 3811 773 3863 taxum
787 3804 863 3875 siue,
879 3824 956 3864 neve
976 3807 1120 3865 rubentes

353 3889 414 3949 Ure
429 3892 496 3951 foco
510 3913 638 3955 cancros
654 3915 661 3966 ;
686 3897 754 3958 altae
768 3917 828 3962 neu
843 3899 934 3958 crede
954 3899 1066 3977 paludi,

353 3985 414 4045 Aut
429 3987 480 4046 ubi
495 3989 568 4048 odor
581 3991 660 4050 coeni
674 3992 787 4070 gravis,
805 4001 857 4052 sut
871 3994 922 4052 ubi
936 4013 1072 4053 concava
1084 3993 1172 4072 pulsu
1203 4046 1207 4054 .

354 4079 435 4138 Saxa
448 4090 565 4154 sonant,
582 4085 724 4162 vocisque
739 4087 856 4146 offensa
868 4087 993 4147 resultat
1007 4089 1117 4165 imago.
1306 4089 1346 4148 50

393 4173 483 4242 Quod
498 4187 643 4254 superest,
663 4180 711 4237 ubi
726 4181 842 4258 pulsam
856 4182 984 4242 hiemem
998 4182 1050 4240 Sol
1064 4201 1177 4242 aureus
1191 4181 1253 4263 egit

354 4268 415 4326 Sub
429 4275 538 4342 terres,
554 4271 723 4348 ccelumque
738 4273 845 4334 aestivi
858 4276 927 4334 luce
940 4274 1076 4348 reclusit,

354 4361 418 4422 lllae
432 4363 573 4423 continuo
587 4366 681 4425 saltus
696 4366 849 4446 silvasque
862 4377 1034 4448 peragram,
