3167 5234
378 523 438 583 ³82
662 517 689 564 Ρ.
712 517 878 564 vinciam
901 516 1075 566 nasonis

377 657 546 736 vestigavit
561 675 644 735 apes,
660 657 801 733 fumoque
815 656 945 734 implevit
959 675 1063 716 amaro
1079 676 1088 726 3

378 751 441 811 Illae
456 752 535 810 intus
548 750 671 828 trepidae
685 769 786 808 rerum
799 769 854 827 per
865 768 959 809 cerea
970 758 1073 809 eastra

377 845 570 916 Discurrunt,
586 843 761 922 magnisque
776 852 889 902 acuunt
901 842 1078 903 stridoribus
1091 844 1175 914 iras;
1309 847 1367 906 590

378 933 515 998 Volvitur
529 947 595 997 ater
608 938 681 996 odor
695 937 793 1008 tectis,
809 945 872 996 tum
885 957 1036 996 murmure
1050 957 1134 1000 cereo

378 1031 462 1091 Intus
476 1051 549 1091 aare
562 1044 668 1090 sonant
685 1051 693 1100 ;
717 1049 832 1090 vacuas
844 1031 867 1090 it
881 1031 979 1090 fumus
993 1031 1032 1089 ad
1047 1049 1147 1091 aurea.

416 1127 534 1185 Accidit
547 1126 612 1185 baec
627 1126 714 1184 sessis
727 1125 818 1184 etiem
831 1126 951 1184 fortuna
966 1124 1096 1196 Latinis,

377 1219 454 1288 Quae
469 1228 561 1278 totam
574 1220 657 1278 luctu
671 1219 824 1278 concussit
837 1219 970 1278 funditus
984 1220 1110 1278 urbem.¹

375 1313 507 1392 Regina,
525 1321 555 1371 ut
568 1313 656 1372 tectis
671 1313 838 1372 venientem
852 1313 993 1390 prospicit
1006 1312 1132 1384 hostem,
1304 1316 1365 1375 696

376 1406 491 1466 Incessi
506 1427 615 1478 muros,
633 1407 718 1485 ignes
732 1407 867 1466 adtacta
879 1407 981 1466 volare
997 1425 1006 1476 ;

376 1499 534 1578 Nusquam
548 1502 629 1560 acies
643 1501 750 1559 eontra
763 1501 905 1572 Rutulas,
920 1500 1004 1560 nulla
1016 1501 1138 1579 agmina
1148 1501 1247 1562 Turni
1257 1521 1266 1560 t

377 1592 485 1652 lnselix
499 1615 606 1673 pugnas
616 1595 757 1671 juvenem
771 1595 802 1653 in
816 1594 979 1654 certamine
989 1595 1089 1654 credit

323 1689 325 1694 ’
375 1685 564 1747 Exstinctum
580 1707 588 1757 ;
611 1696 651 1760 et,
667 1688 765 1746 subito
780 1695 910 1746 mentem
923 1691 1043 1748 turbata
1057 1689 1171 1762 dolore,

376 1780 415 1839 Se
430 1800 553 1839 causam
567 1781 686 1853 clamet,
703 1781 887 1858 crimenque,
903 1791 1053 1860 caputque
1067 1783 1213 1844 malorum
1228 1804 1238 1856 ς
1304 1789 1365 1846 tw
1417 1857 1420 1866 Ι

374 1873 532 1952 Multaque
546 1894 599 1953 per
612 1884 751 1934 moeatum
762 1876 886 1934 demens
899 1877 991 1935 effata
1004 1877 1144 1950 furorem,

375 1965 546 2046 Purpureos
560 1969 702 2027 moritura
716 1989 805 2028 manu
819 1969 958 2028 discindit
972 1971 1109 2043 aruimus,

374 2060 415 2122 Et
430 2062 538 2121 nodum
553 2063 684 2122 informis
698 2063 750 2122 leti
764 2066 850 2122 trabe
864 2064 956 2122 nectit
971 2066 1009 2122 ab
1025 2064 1097 2124 alit.

376 2155 477 2224 Quam
489 2156 605 2215 cladem
617 2157 734 2216 miserie
748 2166 905 2236 postquam
920 2156 1066 2236 accepere
1079 2157 1209 2234 Latinas,

374 2249 453 2309 Filia
467 2252 560 2328 prima
575 2269 663 2310 manu
678 2252 771 2310 flavos
785 2251 914 2311 Lavinia
927 2253 1027 2311 crines
1302 2257 1361 2314 606

373 2342 414 2403 Et
428 2363 533 2403 roseas
545 2345 657 2404 laniata
670 2363 766 2423 genas
779 2365 787 2416 ;
811 2353 873 2404 tum
886 2354 998 2406 cetera
1011 2345 1126 2405 circium

374 2434 479 2496 Turba
492 2439 561 2497 furit
577 2457 583 2495 :
606 2447 747 2497 resonant
761 2438 821 2497 lats
836 2439 1029 2518 plangoribus
1042 2440 1132 2500 ardes.

374 2529 457 2590 Hinc
470 2540 561 2590 totam
576 2532 677 2591 infelix
690 2533 832 2610 vulgatur
845 2532 924 2592 fama
938 2552 991 2610 per
1009 2535 1123 2594 urbem.

372 2623 541 2684 Demittunt
554 2635 669 2684 mentes
682 2645 689 2682 τ
712 2626 733 2684 it
747 2625 845 2685 scissi
857 2634 941 2686 veste
954 2627 1092 2698 Latinus,

374 2716 521 2796 Conjugis
535 2719 676 2777 attonitus
690 2719 768 2792 latis,
784 2720 927 2796 urbisque
946 2719 1043 2792 minii,
1303 2724 1363 2782 610

374 2809 524 2870 Canitiem
539 2812 687 2870 immundo
701 2813 851 2890 perfusam
866 2814 987 2890 pulvere
1001 2822 1125 2891 turpans
1138 2833 1147 2884 ;

375 2903 545 2982 [Multaque
560 2925 593 2964 se
608 2906 741 2978 incusat„
753 2908 804 2984 qui
817 2926 876 2967 non
890 2908 1041 2984 acceperit
1055 2908 1125 2966 autb

372 2995 559 3056 Dardanium
572 2999 707 3070 AEnean‚
723 3019 929 3078 generumque
942 3001 1101 3073 adsciverit
1115 3002 1219 3082 ultro]

412 3091 533 3150 Interea
548 3101 680 3151 extremo
695 3095 822 3154 bellator
834 3095 866 3152 in
877 3114 999 3171 equore
1012 3096 1135 3155 Turnus

372 3181 515 3242 Palantes
528 3185 662 3262 sequitur
676 3205 799 3264 paucos,
814 3187 878 3264 jam
891 3190 1022 3267 segnior,
1038 3199 1128 3266 atque
1296 3193 1358 3251 615

371 3277 441 3338 Jam
455 3279 550 3338 minus
564 3289 654 3356 atque
668 3280 764 3340 minius
778 3301 922 3341 successu
935 3283 1022 3342 laetus
1036 3303 1191 3360 equorum.

371 3371 480 3432 Attulit
494 3373 573 3434 bunc
588 3374 630 3432 illi
644 3375 734 3434 caseis
747 3377 914 3435 terroribus
928 3396 1003 3435 aura

372 3463 571 3526 commixtum
584 3467 756 3540 clamorem,
773 3478 969 3546 arrectasque
983 3470 1097 3549 impulit
1111 3489 1201 3532 aures

371 3556 514 3618 Confusis
529 3581 619 3620 sonus
633 3563 726 3634 urbis,
746 3570 776 3620 et
790 3562 941 3622 illaetabile
954 3583 1097 3625 murmur.

370 3651 433 3712 Hei
448 3653 518 3712 mihi
531 3658 538 3712 l
561 3655 629 3732 quid
644 3665 726 3716 tanto
739 3659 898 3716 turbantur
910 3659 1021 3718 moenia
1034 3660 1141 3719 luctui
1297 3661 1355 3720 620

371 3744 486 3813 Quisve
500 3749 559 3806 ruit
571 3756 672 3810 tantus
686 3749 807 3809 diversi
819 3751 933 3811 clamor
946 3755 984 3811 ab
997 3755 1072 3812 urbe
1086 3754 1098 3811 ?

371 3839 420 3898 Sic
435 3839 486 3912 ait,
503 3840 698 3919 adductisque
713 3863 815 3902 amens
829 3846 963 3905 subsistit
977 3847 1111 3908 habenis.

368 3931 469 4008 Atque
483 3934 563 4006 huic,
579 3936 609 3994 in
623 3937 731 3996 faciem
744 3958 830 3998 soror
843 3948 875 3998 ut
887 3959 1034 4000 conversa
1045 3940 1167 4001 Metisci

369 4022 505 4104 Auriga,
521 4047 701 4107 currumque
716 4040 746 4091 et
760 4051 854 4110 equos
867 4043 898 4092 et
911 4035 978 4094 lora
989 4037 1127 4114 regebat,

368 4115 495 4176 Talibus
508 4124 639 4182 occurrit
652 4124 758 4184 dictis:
800 4126 883 4199 Hae,
898 4127 1013 4200 Turne,
1029 4148 1191 4206 sequamur
1296 4131 1354 4190 625

368 4208 568 4290 Trojugenas,
586 4215 647 4292 qud
660 4219 754 4295 prima
767 4221 845 4278 viam
859 4220 998 4281 Victoria
1010 4223 1111 4299 pandit
1123 4242 1132 4293 ;

370 4303 444 4362 Sunt
458 4306 518 4377 alii,
533 4309 583 4385 qui
597 4318 679 4371 tecta
691 4331 780 4376 manu
793 4313 953 4375 defendere
967 4317 1089 4396 possint.
