3167 5234
380 567 440 626 ³10
667 559 695 608 Ρ.
716 559 886 608 visclam
910 553 1083 608 maeonis

382 698 561 780 Implioudre
576 693 808 771 intersecans,
825 700 958 778 legitque
972 699 1068 757 virum
1082 695 1128 755 vir
1142 713 1150 752 z

380 795 459 853 Tum
473 793 544 853 verb
558 803 588 852 et
602 794 731 872 gemitus
745 791 933 864 morientirm‚
948 800 978 850 et
993 790 1141 868 sanguine
1154 787 1186 846 iu
1203 786 1266 846 alto

380 889 545 964 Armaque,
563 906 760 965 corporaque,
777 896 808 944 et
821 886 958 964 permixti
972 885 1055 944 coede
1070 884 1202 941 virorum

380 983 564 1040 Semanimes
578 982 737 1040 volvuntur
750 981 821 1057 equi
838 1000 847 1050 3
870 999 971 1059 pugna
986 996 1094 1056 aspera
1108 976 1214 1055 surgit.
1316 972 1378 1031 6³5

380 1075 557 1134 Orsilochus
570 1075 703 1146 Remuli,
720 1073 840 1151 quando
853 1075 951 1152 ipsum
964 1074 1107 1131 horrebat
1121 1069 1216 1141 adire,

379 1167 509 1228 Hastam
523 1169 638 1227 intorsit
651 1187 740 1244 equo,
757 1168 930 1244 ferrumque
944 1169 1000 1226 suh
1014 1183 1088 1223 aure
1102 1163 1233 1242 reliquit.

382 1261 452 1330 Quo
468 1262 587 1340 sonipes
602 1261 663 1321 ictu
679 1260 748 1319 furit
762 1260 884 1332 arduus,
901 1260 1022 1336 altaque
1038 1259 1145 1335 jactat,

378 1354 522 1415 Vulneris
536 1356 703 1434 impatiens,
721 1363 840 1412 arrecto
855 1362 987 1432 pectore,
1004 1365 1104 1411 crura.

381 1447 520 1508 Volvitur
534 1450 583 1507 ille
598 1467 744 1507 exeussus
757 1447 849 1506 humi.
893 1447 1023 1507 Catillus
1039 1446 1133 1516 lolan,

380 1541 598 1622 lugentemque
613 1541 729 1613 animis,
746 1541 898 1618 ingentem
911 1559 1037 1618 corpore
1052 1547 1081 1597 et
1095 1537 1197 1608 armis,

381 1635 493 1713 Dejicit
507 1636 698 1694 Herminium
713 1653 721 1704 3
745 1635 825 1691 nudo
839 1635 889 1692 oui
903 1634 1016 1693 vertice
1030 1624 1113 1692 fulr'a

379 1728 541 1800 Caesaries,
558 1728 688 1804 nudique
703 1728 820 1785 humeri
833 1746 841 1796 3
865 1746 923 1785 neo
937 1728 1063 1785 vulnera
1075 1733 1189 1784 terrent
1203 1742 1212 1796 3

378 1824 495 1882 Tantus
509 1823 539 1880 in
552 1841 637 1880 arma
650 1829 741 1900 patet.
785 1819 879 1878 Latos
893 1821 962 1878 huic
977 1821 1064 1878 hasta
1077 1839 1131 1898 per
1145 1838 1245 1877 armos

378 1915 459 1978 Acta
472 1917 581 1988 tremit,
598 1914 790 1992 duplicatque
805 1914 902 1972 uirum
915 1915 1062 1972 transfixa
1075 1914 1187 1972 dolore.

378 2009 527 2070 Funditur
541 2017 606 2068 ater
621 2009 732 2086 ubique
747 2027 858 2067 cruor:
882 2007 953 2065 dant
967 2008 1074 2066 funera
1088 2006 1167 2066 ferro

379 2103 553 2176 certantes,
571 2103 785 2181 pulchramque
801 2109 904 2179 petunt
918 2120 973 2178 per
986 2101 1112 2159 vulnera
1124 2111 1260 2159 mortem.

416 2200 458 2258 At
472 2197 585 2256 medias
599 2197 677 2254 inter
692 2195 791 2254 caedes
806 2196 935 2254 exsultat
948 2196 1096 2267 Amazon,

378 2291 478 2352 Unum
492 2299 611 2350 exserta
626 2291 704 2348 latus
718 2309 838 2368 pugna,
859 2289 1033 2365 pharetrata
1047 2288 1199 2358 Camilla3

379 2388 420 2448 Et
438 2407 518 2447 nunc
533 2388 613 2445 lenta
627 2405 715 2444 manu
731 2403 877 2463 spargens
891 2384 1011 2442 hastilia
1025 2383 1140 2457 denset,

377 2483 407 2542 N
410 2501 469 2540 uno
485 2479 614 2539 validam
628 2477 734 2537 dextra
747 2479 824 2556 rapit
838 2477 989 2537 indefessa
1006 2478 1174 2555 bipennem.

377 2575 499 2634 Aureus
515 2594 551 2632 ex
566 2575 691 2632 humero
706 2581 792 2631 sonat
807 2591 907 2644 arcus,
924 2580 954 2630 et
969 2588 1051 2630 arma
1063 2570 1183 2630 Dianae.

380 2666 436 2728 llla
452 2669 552 2739 etiam,
570 2667 595 2724 si
611 2665 729 2743 quando
742 2667 772 2724 in
787 2675 905 2743 tergum
919 2666 1005 2743 pulsa
1018 2665 1156 2736 recessit,

379 2763 501 2841 Spicula
514 2781 659 2820 converso
675 2761 822 2838 fugientia
835 2759 935 2838 dirigit
949 2779 1032 2819 arou.

378 2856 419 2914 At
434 2855 548 2914 circirm
562 2855 649 2912 lectae
664 2853 800 2924 comites,
816 2853 991 2930 Larinaque
1005 2853 1101 2931 virgo,

377 2949 539 3024 Tullaque,
556 2956 586 3005 et
601 2954 723 3004 aratam
739 2947 878 3023 quatiens
892 2947 1024 3024 Tarpeia
1038 2945 1178 3017 securim,

377 3040 500 3100 Italides
515 3060 522 3110 3
548 3059 623 3117 quas
637 3041 701 3117 ipsa
717 3039 811 3098 decus
825 3041 881 3098 sibi
895 3040 1089 3100 diacamilla

376 3131 510 3212 Delegit,
527 3133 669 3210 pacisque
684 3134 778 3191 bonas
792 3134 923 3210 bellique
938 3135 1097 3192 ministras,

378 3227 494 3296 Quales
508 3226 670 3298 Threiciae,
688 3247 777 3304 quum
794 3227 916 3285 flumina
929 3226 1163 3285 Thermodontis

378 3320 515 3394 Pulsant,
533 3331 562 3380 et
577 3321 663 3400 pictis
678 3323 828 3381 bellantur
841 3322 1015 3382 Amazones
1029 3322 1120 3380 armis
1133 3341 1141 3391 3

378 3417 438 3476 Seu
454 3417 568 3475 circum
581 3415 779 3494 Hippolyten,
796 3436 850 3474 seu
866 3436 956 3492 quum
972 3437 1005 3474 se
1022 3415 1138 3474 Martia
1151 3435 1243 3474 curru

372 3509 568 3570 Penthesilea
581 3510 683 3581 refert,
699 3529 869 3588 magnoque
884 3511 1017 3568 ululante
1030 3510 1158 3568 tumultu

375 3605 533 3665 Foeminea
547 3604 696 3662 exsultant
710 3605 819 3662 lunatis
833 3605 953 3683 agmina
969 3604 1066 3682 peltis.

377 3696 476 3765 Quem
490 3698 550 3756 telo
566 3697 700 3774 primum,
719 3717 808 3774 quem
821 3705 1013 3775 postremum,
1030 3717 1139 3775 aspera
1152 3697 1249 3776 virgo,

374 3787 492 3868 Dejicis
509 3789 519 3847 ?
541 3798 591 3848 aut
607 3799 677 3867 quot
692 3791 773 3848 humi
786 3792 943 3850 morientia
957 3804 1085 3869 corpor'a
1099 3791 1197 3850 lundis
1210 3791 1221 3848 l
1311 3792 1370 3851 666

375 3883 523 3942 Eunaeum
538 3883 640 3962 Clytio
655 3884 780 3962 primum
794 3893 891 3962 patre,
908 3886 995 3961 cujus
1009 3894 1146 3962 apertum

375 3976 504 4036 Adversi
519 3976 611 4055 longia
624 3980 850 4037 transverberat
864 3979 963 4037 abiete
978 3989 1101 4056 pectus:

377 4069 537 4146 Sanguinis
551 4071 601 4129 ille
616 4091 737 4130 vomens
752 4073 832 4131 rivos
846 4073 938 4145 cadit,
954 4081 1045 4150 atqua
1066 4082 1222 4133 cruentam

375 4161 493 4220 blandit
507 4163 637 4236 humum,
653 4167 844 4243 moriensque
858 4187 913 4225 suo
928 4186 961 4225 se
975 4167 1006 4225 in
1020 4168 1144 4226 vulnere
1158 4173 1268 4226 versat.

375 4253 455 4314 Tum
468 4253 573 4328 Lirim,
589 4257 803 4336 Pagasumque
817 4259 909 4336 super
924 4279 932 4329 3
957 4279 1081 4336 quorum
1096 4261 1173 4320 alter
1187 4261 1323 4319 habenas

377 4346 509 4408 Suffosso
524 4351 677 4409 revolutus
690 4370 769 4429 equo
783 4351 854 4411 dum
867 4352 992 4432 colligit,
1013 4354 1091 4412 alter
1310 4356 1366 4411 6¹ss
