3167 5234
391 562 447 619 1¹12
687 554 714 601 P.
728 552 893 601 vlaurult
911 552 1081 601 masonis

386 694 429 755 Et
442 696 504 755 sors
517 691 644 772 aequatis
656 692 809 769 cepissent
822 692 945 770 praemia
955 690 1072 761 rostris,

387 789 417 848 N
418 789 439 860 i,
455 789 570 866 palmas
583 793 672 865 ponto
685 786 811 843 tendens
824 794 979 861 utrasque,
995 782 1165 844 Cloanthus

387 881 589 958 Fudissetque
602 898 721 957 preces,
736 880 881 955 divosque
896 880 926 937 iu
939 886 1010 937 vota
1023 875 1161 937 vocisset
1174 894 1181 933 :

387 974 440 1046 Di,
456 976 564 1052 quibus
576 973 732 1051 imperium
745 981 792 1030 est
806 972 915 1050 pelagi,
931 989 1057 1047 quorum
1070 988 1193 1047 aequora
1205 988 1303 1043 curro,
1312 971 1374 1031 2³6

389 1066 487 1127 Vobis
499 1067 586 1127 lentos
599 1086 657 1145 ego
670 1066 727 1125 hoc
741 1064 919 1125 candentem
933 1065 963 1122 in
977 1064 1074 1122 littore
1088 1072 1206 1121 taurum

389 1159 578 1226 constituam
591 1168 661 1218 ante
675 1177 755 1229 aras,
771 1158 833 1217 voti
847 1176 928 1229 reus,
944 1164 1072 1232 extaque
1086 1156 1182 1215 salsos

386 1252 552 1314 Porriciam
565 1254 596 1311 in
609 1253 728 1323 fluctus,
743 1260 774 1310 et
787 1251 857 1309 rina
870 1250 1013 1327 liquentia
1026 1248 1154 1309 fundam.

387 1344 482 1417 Dixit,
498 1364 628 1421 summae
641 1344 707 1402 imis
720 1346 776 1402 suh
789 1344 929 1403 fluctibus
943 1342 1034 1402 audiit
1047 1343 1143 1401 omnis

385 1439 552 1499 Nereidum
566 1440 736 1515 Phorcique
749 1440 870 1511 chorus,
885 1438 1087 1516 Panopeaque
1102 1437 1209 1517 virgn;
1311 1440 1372 1499 240

384 1532 427 1592 Et
441 1541 526 1611 pater
539 1533 602 1611 ipse
616 1550 707 1591 manu
719 1530 832 1611 magud
844 1531 995 1591 Portunus
1008 1539 1128 1591 euntem

385 1628 514 1707 Impulit.
554 1627 613 1687 Illa
624 1628 706 1687 Noto
719 1628 807 1687 citiirs
820 1627 993 1703 volucrique
1007 1624 1120 1705 sagitti

384 1721 434 1781 Ad
446 1730 558 1781 terram
570 1721 657 1800 sugit,
672 1729 703 1779 et
716 1729 801 1799 portu
816 1740 849 1779 se
863 1720 994 1780 condidit
1009 1720 1079 1779 alto.

236 1821 241 1833 '
423 1813 504 1873 Tum
517 1823 601 1874 satus
614 1813 760 1886 Anchisia,
774 1813 892 1873 cunctis
905 1804 1037 1871 ex'more
1050 1814 1176 1885 vocatis,

240 1957 259 1988 ,¹
384 1904 540 1966 Victorem
552 1905 824 1986 magndprreconis
838 1925 913 1965 voce
928 1904 1109 1965 Cloanthum

320 2052 328 2077 ,
383 2000 540 2072 Declarat,
555 1999 701 2077 viridique
716 1999 835 2059 advelat
847 2008 983 2077 tempora
996 2000 1103 2071 laur03

384 2092 573 2169 Muneraque
586 2093 617 2151 iu
629 2112 722 2152 nares
734 2102 837 2152 ternos
850 2101 954 2170 optare
970 2093 1128 2168 juvencos,

384 2185 536 2263 Vinaque,
552 2199 582 2244 et
597 2187 714 2264 argenti
726 2205 868 2263 magnum
882 2186 932 2244 dat
945 2186 1025 2245 serre
1039 2187 1191 2245 talentum

385 2278 463 2356 lpsis
478 2266 645 2357 precipuos
657 2277 832 2338 ductoribus
846 2279 926 2338 addit
944 2279 1072 2338 honores
1086 2297 1095 2337 ι

382 2372 502 2433 Victori
514 2374 702 2451 chlamydem
715 2383 861 2447 auratam,
879 2394 966 2451 quam
980 2376 1106 2453 plurima
1118 2376 1232 2435 circum

382 2466 521 2545 Purpura
533 2466 690 2526 Menandro
703 2467 814 2545 duplici
827 2468 972 2528 Meliboea
986 2468 1118 2528 cucurrit
1132 2488 1141 2539 ς

384 2558 579 2636 intextusque
592 2579 667 2637 puer
679 2559 822 2620 frondosi
836 2562 937 2639 regius
952 2559 1008 2622 ldis

383 2651 516 2711 Veloces
531 2653 634 2729 jaculo
648 2673 755 2712 cervos
768 2668 920 2731 cursuque
939 2655 1043 2733 fatigat

383 2745 475 2817 Acer,
492 2746 645 2805 anhelanti
658 2747 762 2806 similis
775 2768 784 2817 ;
813 2768 901 2825 quam
916 2768 1031 2826 praepes
1045 2751 1083 2806 ab
1097 2748 1154 2809 Idi

383 2838 546 2898 Sublimem
559 2840 684 2917 pedibus
697 2841 795 2919 rapuit
808 2841 894 2900 Jovis
908 2842 1039 2920 armiger
1051 2842 1137 2901 uncis
1152 2862 1160 2913 3

382 2929 529 3010 Longaevi
543 2933 657 3010 palmas
670 2933 872 3011 nequidquam
886 2935 923 2994 ad
937 2936 1037 2993 sidera
1049 2936 1173 2995 tendunt

385 3021 544 3096 Custodes,
561 3025 705 3101 oravitque
719 3046 828 3085 canum
841 3028 967 3086 latratus
982 3028 1011 3085 in
1026 3047 1124 3089 auras.

381 3119 434 3189 At,
451 3119 502 3195 qui
516 3116 624 3176 deinde
638 3117 737 3177 locum
749 3120 845 3178 tenuit
858 3121 967 3179 virtute
979 3122 1155 3194 secundum,

382 3210 515 3270 Levibus
528 3211 599 3269 huic
613 3211 708 3269 hamis
723 3221 892 3273 consertam
907 3234 1039 3291 auroque
1053 3215 1181 3274 trilicem

380 3302 533 3377 Loricam,
550 3324 638 3382 quam
653 3305 800 3365 Demoleo
814 3307 984 3367 detraxerat
998 3308 1061 3386 ipse

381 3396 488 3455 Victor
501 3398 579 3475 apud
592 3398 728 3475 rapidum
742 3399 895 3459 Simoenta
907 3402 963 3459 sub
978 3400 1033 3459 Ilio
1047 3402 1117 3472 alto,

381 3489 483 3548 Donat
498 3492 610 3549 hahere
625 3492 700 3562 uiro,
717 3491 810 3550 decus
825 3500 854 3551 et
867 3501 1000 3552 tutamen
1014 3494 1044 3551 iu
1058 3492 1157 3553 armis.

381 3582 441 3640 Vix
454 3584 535 3641 illam
547 3584 650 3642 famuli
662 3583 804 3662 Phegeus
823 3585 1006 3663 Sagarisque
1020 3586 1157 3645 ferebant

380 3676 588 3755 Multiplicem,
604 3677 723 3735 connixi
736 3677 869 3736 humeris
882 3698 890 3748 ;
914 3678 1034 3737 indutus
1047 3687 1077 3737 at
1090 3680 1161 3739 olim

379 3768 543 3829 Demoleos
556 3788 648 3829 cursu
663 3771 797 3847 palantes
810 3771 909 3831 Troas
923 3774 1042 3850 agebat.

380 3861 485 3921 Tertia
498 3862 577 3921 dona
590 3864 661 3922 facit
674 3864 810 3941 geminos
824 3883 861 3921 ex
876 3884 936 3924 aera
950 3866 1076 3938 lebetas,

381 3952 568 4031 Cymbiaque
583 3966 709 4035 argento
723 3957 868 4034 perfecta,
885 3967 974 4035 atque
989 3978 1099 4045 aspera
1111 3958 1219 4039 signis.

380 4047 509 4124 Jornque
523 4048 597 4107 sded
613 4050 713 4108 donati
727 4070 840 4123 omues,
856 4052 1022 4130 opibusque
1037 4053 1168 4131 superbi,

380 4139 522 4199 Puniceis
535 4142 618 4201 ibant
631 4144 741 4203 evincti
753 4154 889 4223 tempora
901 4146 998 4205 taeniis
1011 4164 1021 4216 3

381 4231 493 4305 Quum,
509 4254 589 4292 saevo
603 4254 621 4293 e
635 4236 758 4314 scopulo
771 4235 866 4296 multi
879 4239 927 4297 vir
941 4248 1006 4299 arte
1020 4240 1168 4313 revulsus,

381 4326 509 4388 Amissis
521 4327 621 4400 mnis,
636 4339 724 4406 atque
738 4332 842 4391 ordine
856 4332 962 4393 debilis
981 4354 1050 4407 uno,
