3167 5234
384 509 441 568 ³08
674 501 701 549 r.
715 499 886 548 umorum
908 501 1084 551 ursonis

386 637 493 699 Telum
505 639 643 711 immane,
658 657 749 698 manu
762 639 864 700 validi
877 641 955 718 quod
968 641 1043 700 forte
1058 642 1182 720 gerebat

383 733 528 804 Bellator,
544 732 669 791 solidum
684 733 769 791 nodis
783 742 813 792 et
826 736 934 793 robore
947 743 1046 805 cocto,

383 826 468 889 Huic
482 836 593 898 natam,
609 827 685 885 libro
699 836 728 885 et
742 828 871 886 silvestri
886 831 996 887 subere
1010 829 1155 900 clausam,

383 919 529 998 Implicat,
546 929 634 997 etque
649 921 777 979 habilem
793 922 898 980 mediae
911 922 1099 1000 circumligat
1113 923 1230 992 hasten

384 1014 483 1082 Quem
497 1013 603 1073 dextri
617 1015 729 1094 ingenti
745 1015 867 1085 librans,
883 1015 925 1073 ita
938 1015 976 1072 ad
990 1016 1104 1074 aethera
1117 1016 1217 1074 fatur:

382 1109 480 1179 Alme,
496 1109 548 1167 tibi
563 1109 652 1179 hanc,
669 1127 824 1167 nemorum
838 1108 957 1179 cultrix,
972 1108 1103 1167 Latonia
1116 1109 1211 1186 virgo,

383 1201 452 1279 Ipse
467 1210 552 1279 pater
566 1202 706 1260 famulam
722 1221 816 1260 voveo
831 1222 838 1260 :
860 1211 913 1260 tua
927 1202 1021 1279 prima
1034 1222 1090 1280 per
1101 1221 1192 1260 ouras

382 1295 459 1354 Tela
472 1304 578 1354 tenens
592 1297 717 1373 supplex
730 1296 846 1354 hostem
860 1297 945 1373 sugit.
985 1296 1112 1372 Accipe,
1127 1303 1232 1367 testor,

381 1386 472 1459 Diva,
489 1400 579 1460 tuem,
598 1409 664 1464 quae
679 1407 758 1447 nunc
772 1389 869 1447 dubiis
883 1389 1075 1447 committitur
1088 1389 1179 1448 auris.
1234 1411 1238 1420 ·

380 1477 476 1555 Dixit,
491 1492 521 1539 et
535 1482 663 1540 adducto
677 1491 847 1540 contortum
861 1482 967 1540 hastile
981 1483 1094 1540 lacerto

381 1572 514 1633 Immittit
528 1594 535 1631 ε
559 1574 687 1634 sonuere
703 1575 810 1644 undae;
833 1575 969 1653 rapidum
982 1594 1073 1652 super
1086 1594 1202 1634 amnem

381 1667 489 1728 Infelix
503 1668 577 1747 fugit
592 1670 622 1727 in
637 1669 739 1743 jaculo
754 1669 897 1727 stridente
912 1669 1051 1751 Camilla.

381 1759 422 1821 At
437 1761 587 1834 Metabus,
603 1761 714 1840 magnis
728 1762 848 1839 propius
865 1763 928 1837 jam
941 1770 1067 1839 urgente
1081 1760 1214 1832 catervii,

379 1849 442 1911 Dat
457 1873 524 1912 sese
539 1854 639 1925 fluvio,
656 1863 746 1931 atque
762 1855 876 1913 hostem
891 1874 959 1912 cum
974 1854 1088 1932 virgine
1103 1855 1199 1913 victor

381 1945 554 2018 (immisce,
572 1947 680 2005 donum
694 1947 818 2019 Triviae,
834 1947 871 2005 de
885 1948 999 2024 cespite
1013 1947 1103 2006 vellit.

380 2039 409 2100 N
412 2060 450 2098 on
464 2041 546 2098 illum
559 2041 646 2098 tectis
660 2041 739 2112 ullae,
755 2060 815 2098 non
828 2041 986 2110 moenibus,
1004 2042 1095 2098 urbes

379 2131 538 2210 Accepere
555 2153 562 2202 ;
586 2153 683 2210 neque
698 2135 761 2211 ipsc
776 2153 884 2192 manus
897 2134 1015 2192 feritate
1029 2133 1180 2192 dedisset:

378 2225 537 2285 Pastorum
551 2235 581 2284 et
595 2227 665 2285 solis
680 2229 779 2304 exegit
793 2228 942 2286 montibus
956 2247 1060 2286 evum.

379 2317 441 2378 Hic
455 2329 566 2390 natam,
583 2321 611 2378 in
626 2321 721 2378 dumis
735 2321 872 2397 interque
887 2320 1037 2380 horrentia
1051 2321 1155 2392 lustra,

379 2408 563 2472 Armentnlis
577 2434 663 2490 equae
678 2415 812 2473 mammis
825 2424 856 2472 et
869 2415 948 2472 lacte
964 2413 1058 2471 ferino

379 2506 408 2567 N
411 2508 531 2579 utribat‚
546 2509 658 2567 teneris
672 2508 850 2586 immulgens
864 2509 958 2565 ubere
971 2507 1082 2580 labris.-

336 2681 341 2688 ἱ
378 2583 478 2676 thue
492 2601 600 2678 pedum
614 2602 714 2678 primis
728 2601 826 2660 infans
840 2601 968 2678 vestigio
983 2599 1090 2678 plectis

379 2691 542 2765 Institerat‚
556 2695 658 2770 jaculo
673 2697 786 2772 palmas
800 2696 936 2753 oneravit
950 2703 1038 2752 acuto
1052 2714 1059 2752 τ

379 2787 559 2863 Spiculaque
575 2806 612 2844 ex
626 2787 749 2845 humero
764 2808 864 2865 parvae
878 2787 1031 2865 suspendit
1045 2796 1073 2846 et
1089 2805 1201 2848 mcum.

377 2877 438 2937 Pro
452 2881 557 2937 crinali
572 2899 655 2952 auro,
673 2900 726 2958 pro
740 2882 838 2958 longae
851 2882 980 2960 tegmine
997 2881 1093 2958 pallae,

305 2975 311 2984 '
377 2969 510 3048 Tigridis
524 2974 638 3032 exuviae
654 2992 707 3058 per
721 2974 841 3033 dorsum
855 2995 873 3032 a
886 2976 998 3033 vertice
1013 2975 1150 3052 pendent.

377 3063 455 3132 Tela
470 3083 556 3122 manu
574 3067 636 3142 jorn
650 3079 712 3124 tum
725 3067 832 3126 tenera
846 3069 972 3145 puerilia
985 3070 1080 3140 torsit,

377 3155 417 3215 Et
432 3157 552 3215 fundam
567 3160 654 3216 tereti
669 3160 782 3218 circum
797 3171 885 3238 caput
900 3163 961 3239 egit
975 3163 1105 3234 hebeni,

378 3249 634 3327 Strymoniamque
649 3272 752 3330 gruem
768 3261 819 3312 aut
834 3255 933 3313 album
950 3255 1057 3331 dejecit
1071 3257 1192 3316 olorem.

375 3341 480 3404 Multas
495 3345 574 3402 illam
589 3347 700 3406 frustra
712 3347 871 3424 Tyrrhena
885 3368 939 3425 per
952 3350 1060 3426 oppida
1072 3358 1184 3409 matres

376 3435 527 3513 Optavere
542 3457 669 3498 nurum:
692 3439 757 3498 sold
771 3450 910 3499 contente
923 3441 1035 3513 Dioni,

376 3530 539 3592 AEternum
552 3533 677 3590 telorum
692 3541 721 3591 et
735 3533 914 3612 virginitatis
930 3554 1061 3594 amorem

376 3621 557 3683 Intemerato
572 3626 651 3684 colit.
693 3625 812 3684 Vellem
825 3627 905 3686 haud
920 3639 1058 3706 correpta
1071 3629 1175 3689 fuisset

375 3713 485 3777 Militis
496 3719 559 3789 tali,
576 3727 684 3778 conata
698 3719 848 3778 lacessere
864 3721 1001 3781 Teucros
1015 3742 1023 3791 ;

376 3811 553 3885 caremihi,
570 3815 769 3893 comitumque
784 3816 860 3876 soret
874 3837 953 3877 nuno
968 3839 1028 3876 una
1038 3837 1181 3880 mearum.

376 3905 488 3966 Verium
503 3927 571 3986 age,
589 3909 828 3987 quandoquidem
841 3912 909 3970 satis
924 3922 1049 3990 urgetur
1063 3913 1190 3986 acerbis,

373 3989 504 4072 Habora,
521 4001 669 4080 Nympha,
687 4005 763 4080 polo,
780 4006 914 4082 finesque
928 4007 1022 4064 invise
1035 4007 1172 4079 Latinos,
1284 4053 1290 4066 ,

375 4088 484 4150 Tristis
499 4095 548 4151 ubi
562 4095 689 4154 infausto
704 4099 895 4157 committitur
907 4100 1004 4157 omine
1019 4118 1129 4177 pugna.

373 4183 454 4242 Haec
468 4205 554 4262 cape,
571 4197 600 4244 et
614 4189 749 4249 ultricem
764 4190 906 4268 pharetris
918 4178 1058 4270 deprome
1072 4192 1212 4270 sagittam
1224 4213 1234 4252 ε

373 4278 456 4352 Hac,
473 4281 651 4360 quicumque
666 4305 785 4346 socrum
799 4287 917 4347 violririt
930 4290 1053 4348 uulnere
1066 4273 1186 4369 corpus,
