<?xml version="1.0" encoding="UTF-8"?>
<!DOCTYPE html PUBLIC "-//W3C//DTD XHTML 1.0 Transitional//EN"
    "http://www.w3.org/TR/xhtml1/DTD/xhtml1-transitional.dtd">
<html xmlns="http://www.w3.org/1999/xhtml" xml:lang="en" lang="en">
 <head>
  <title>
</title>
<meta http-equiv="Content-Type" content="text/html;charset=utf-8" />
  <meta name='ocr-system' content='tesseract 3.04.00' />
  <meta name='ocr-capabilities' content='ocr_page ocr_carea ocr_par ocr_line ocrx_word'/>
</head>
<body>
  <div class='ocr_page' id='page_1' title='image "./pvirgiliimaroni01bowegoog/pvirgiliimaroni01bowegoog_0165.png"; bbox 0 0 3167 5234; ppageno 0'>
   <div class='ocr_carea' id='block_1_1' title="bbox 549 546 893 595">
    <p class='ocr_par' dir='ltr' id='par_1_1' title="bbox 549 546 893 595">
     <span class='ocr_line' id='line_1_1' title="bbox 549 546 893 595; baseline -0.003 -1"><span class='ocrx_word' id='word_1_1' title='bbox 549 546 745 595; x_wconf 64' lang='lat' dir='ltr'>melnes</span> <span class='ocrx_word' id='word_1_2' title='bbox 764 546 833 595; x_wconf 76' lang='lat' dir='ltr'>ms.</span> <span class='ocrx_word' id='word_1_3' title='bbox 848 546 893 595; x_wconf 92' lang='lat' dir='ltr'>1v.</span> 
     </span>
    </p>
   </div>
   <div class='ocr_carea' id='block_1_2' title="bbox 196 683 1227 1231">
    <p class='ocr_par' dir='ltr' id='par_1_2' title="bbox 196 683 1227 1231">
     <span class='ocr_line' id='line_1_2' title="bbox 242 683 963 763; baseline -0.007 -17"><span class='ocrx_word' id='word_1_4' title='bbox 242 686 316 759; x_wconf 90' lang='lat' dir='ltr'>Hic,</span> <span class='ocrx_word' id='word_1_5' title='bbox 333 686 386 757; x_wconf 84' lang='lat' dir='ltr'>eit,</span> <span class='ocrx_word' id='word_1_6' title='bbox 403 692 433 743; x_wconf 86' lang='lat' dir='ltr'>et</span> <span class='ocrx_word' id='word_1_7' title='bbox 446 685 556 744; x_wconf 85' lang='lat' dir='ltr'>nestris</span> <span class='ocrx_word' id='word_1_8' title='bbox 569 684 695 743; x_wconf 75' lang='lat' dir='ltr'>illuserit</span> <span class='ocrx_word' id='word_1_9' title='bbox 709 684 824 743; x_wconf 80' lang='lat' dir='ltr'>eduens</span> <span class='ocrx_word' id='word_1_10' title='bbox 836 684 938 763; x_wconf 74' lang='lat' dir='ltr'>regnis</span> <span class='ocrx_word' id='word_1_11' title='bbox 952 683 963 741; x_wconf 68' lang='grc' dir='ltr'><strong>ἰ</strong></span> 
     </span>
     <span class='ocr_line' id='line_1_3' title="bbox 243 776 1057 855; baseline -0.002 -16"><span class='ocrx_word' id='word_1_12' title='bbox 243 781 313 840; x_wconf 85' lang='lat' dir='ltr'>Nen</span> <span class='ocrx_word' id='word_1_13' title='bbox 327 798 410 838; x_wconf 85' lang='lat' dir='ltr'>erere</span> <span class='ocrx_word' id='word_1_14' title='bbox 424 778 592 855; x_wconf 82' lang='lat' dir='ltr'>expedient,</span> <span class='ocrx_word' id='word_1_15' title='bbox 608 776 731 853; x_wconf 74' lang='lat' dir='ltr'>totique</span> <span class='ocrx_word' id='word_1_16' title='bbox 745 796 783 835; x_wconf 87' lang='lat' dir='ltr'>er</span> <span class='ocrx_word' id='word_1_17' title='bbox 797 780 870 836; x_wconf 92' lang='lat' dir='ltr'>urbe</span> <span class='ocrx_word' id='word_1_18' title='bbox 884 784 1057 854; x_wconf 79' lang='lat' dir='ltr'>sequentur,</span> 
     </span>
     <span class='ocr_line' id='line_1_4' title="bbox 196 870 929 950; baseline -0.005 -19"><span class='ocrx_word' id='word_1_19' title='bbox 196 925 203 940; x_wconf 82' lang='grc'>,</span> <span class='ocrx_word' id='word_1_20' title='bbox 242 872 459 950; x_wconf 86' lang='lat' dir='ltr'>Deripientque</span> <span class='ocrx_word' id='word_1_21' title='bbox 473 880 555 930; x_wconf 85' lang='lat' dir='ltr'>retes</span> <span class='ocrx_word' id='word_1_22' title='bbox 569 872 619 929; x_wconf 86' lang='lat' dir='ltr'>eiii</span> <span class='ocrx_word' id='word_1_23' title='bbox 636 871 819 930; x_wconf 74' lang='lat' dir='ltr'>navalibus?</span> <span class='ocrx_word' id='word_1_24' title='bbox 861 870 929 929; x_wconf 90' lang='lat' dir='ltr'>Ite:</span> 
     </span>
     <span class='ocr_line' id='line_1_5' title="bbox 242 964 1010 1041; baseline -0.003 -16"><span class='ocrx_word' id='word_1_25' title='bbox 242 966 336 1025; x_wconf 83' lang='lat' dir='ltr'>Ferte</span> <span class='ocrx_word' id='word_1_26' title='bbox 350 966 402 1024; x_wconf 89' lang='lat' dir='ltr'>citi</span> <span class='ocrx_word' id='word_1_27' title='bbox 415 965 559 1035; x_wconf 88' lang='lat' dir='ltr'>flemmes,</span> <span class='ocrx_word' id='word_1_28' title='bbox 574 964 642 1023; x_wconf 87' lang='lat' dir='ltr'>dete</span> <span class='ocrx_word' id='word_1_29' title='bbox 657 964 734 1035; x_wconf 79' lang='lat' dir='ltr'>veie,</span> <span class='ocrx_word' id='word_1_30' title='bbox 750 964 891 1041; x_wconf 80' lang='lat' dir='ltr'>impellite</span> <span class='ocrx_word' id='word_1_31' title='bbox 903 982 1010 1023; x_wconf 88' lang='lat' dir='ltr'>remes.</span> 
     </span>
     <span class='ocr_line' id='line_1_6' title="bbox 243 1056 1227 1142; baseline 0 -25"><span class='ocrx_word' id='word_1_32' title='bbox 243 1059 325 1128; x_wconf 76' lang='lat' dir='ltr'>Quid</span> <span class='ocrx_word' id='word_1_33' title='bbox 336 1059 460 1137; x_wconf 89' lang='lat' dir='ltr'>loquer?</span> <span class='ocrx_word' id='word_1_34' title='bbox 472 1068 524 1142; x_wconf 76' lang='lat' dir='ltr'>eut</span> <span class='ocrx_word' id='word_1_35' title='bbox 534 1059 585 1117; x_wconf 94' lang='lat' dir='ltr'>ubi</span> <span class='ocrx_word' id='word_1_36' title='bbox 595 1058 677 1117; x_wconf 86' lang='lat' dir='ltr'>sum?</span> <span class='ocrx_word' id='word_1_37' title='bbox 690 1078 759 1135; x_wconf 80' lang='lat' dir='ltr'>quae</span> <span class='ocrx_word' id='word_1_38' title='bbox 770 1068 900 1117; x_wconf 82' lang='lat' dir='ltr'><strong>mentem</strong></span> <span class='ocrx_word' id='word_1_39' title='bbox 910 1058 1025 1117; x_wconf 78' lang='lat' dir='ltr'>insanie</span> <span class='ocrx_word' id='word_1_40' title='bbox 1034 1056 1145 1117; x_wconf 78' lang='lat' dir='ltr'>mutet?</span> <span class='ocrx_word' id='word_1_41' title='bbox 1168 1058 1227 1117; x_wconf 79' lang='grc'>595</span> 
     </span>
     <span class='ocr_line' id='line_1_7' title="bbox 243 1141 957 1231; baseline -0.001 -19"><span class='ocrx_word' id='word_1_42' title='bbox 243 1152 352 1213; x_wconf 78' lang='lat' dir='ltr'><strong>Infelix</strong></span> <span class='ocrx_word' id='word_1_43' title='bbox 363 1152 444 1211; x_wconf 91' lang='lat' dir='ltr'>Dide</span> <span class='ocrx_word' id='word_1_44' title='bbox 459 1156 467 1211; x_wconf 90' lang='lat'>!</span> <span class='ocrx_word' id='word_1_45' title='bbox 488 1141 569 1211; x_wconf 90' lang='lat' dir='ltr'>nunc</span> <span class='ocrx_word' id='word_1_46' title='bbox 581 1161 611 1210; x_wconf 87' lang='lat' dir='ltr'>te</span> <span class='ocrx_word' id='word_1_47' title='bbox 625 1152 706 1211; x_wconf 84' lang='lat' dir='ltr'>secte</span> <span class='ocrx_word' id='word_1_48' title='bbox 718 1153 807 1230; x_wconf 87' lang='lat' dir='ltr'>impie</span> <span class='ocrx_word' id='word_1_49' title='bbox 821 1160 957 1231; x_wconf 74' lang='lat' dir='ltr'>tangunt.</span> 
     </span>
    </p>
   </div>
   <div class='ocr_carea' id='block_1_3' title="bbox 143 1244 1228 4408">
    <p class='ocr_par' dir='ltr' id='par_1_3' title="bbox 143 1244 1228 4408">
     <span class='ocr_line' id='line_1_8' title="bbox 244 1244 1176 1323; baseline -0.001 -19"><span class='ocrx_word' id='word_1_50' title='bbox 244 1244 321 1305; x_wconf 91' lang='lat' dir='ltr'>Tum</span> <span class='ocrx_word' id='word_1_51' title='bbox 335 1246 447 1317; x_wconf 83' lang='lat' dir='ltr'>decuit,</span> <span class='ocrx_word' id='word_1_52' title='bbox 463 1265 554 1323; x_wconf 90' lang='lat' dir='ltr'>quum</span> <span class='ocrx_word' id='word_1_53' title='bbox 566 1254 685 1323; x_wconf 79' lang='lat' dir='ltr'>sceptra</span> <span class='ocrx_word' id='word_1_54' title='bbox 698 1246 800 1305; x_wconf 80' lang='lat' dir='ltr'>debes.</span> <span class='ocrx_word' id='word_1_55' title='bbox 842 1246 891 1303; x_wconf 87' lang='lat' dir='ltr'>En</span> <span class='ocrx_word' id='word_1_56' title='bbox 905 1246 1010 1304; x_wconf 88' lang='lat' dir='ltr'>dextre</span> <span class='ocrx_word' id='word_1_57' title='bbox 1022 1245 1156 1323; x_wconf 87' lang='lat' dir='ltr'>fidesque</span> <span class='ocrx_word' id='word_1_58' title='bbox 1170 1248 1176 1303; x_wconf 94' lang='grc' dir='ltr'>Ι</span> 
     </span>
     <span class='ocr_line' id='line_1_9' title="bbox 244 1337 990 1417; baseline 0.001 -20"><span class='ocrx_word' id='word_1_59' title='bbox 244 1340 344 1407; x_wconf 83' lang='lat' dir='ltr'>Quem</span> <span class='ocrx_word' id='word_1_60' title='bbox 362 1358 465 1397; x_wconf 89' lang='lat' dir='ltr'>secum</span> <span class='ocrx_word' id='word_1_61' title='bbox 478 1340 591 1417; x_wconf 86' lang='lat' dir='ltr'>pstries</span> <span class='ocrx_word' id='word_1_62' title='bbox 604 1340 687 1397; x_wconf 90' lang='lat' dir='ltr'>siuet</span> <span class='ocrx_word' id='word_1_63' title='bbox 701 1337 835 1416; x_wconf 72' lang='lat' dir='ltr'>pertisse</span> <span class='ocrx_word' id='word_1_64' title='bbox 848 1339 990 1411; x_wconf 77' lang='lat' dir='ltr'><strong>Penates,</strong></span> 
     </span>
     <span class='ocr_line' id='line_1_10' title="bbox 243 1432 1108 1511; baseline 0.002 -20"><span class='ocrx_word' id='word_1_65' title='bbox 243 1432 345 1501; x_wconf 80' lang='lat' dir='ltr'>Quem</span> <span class='ocrx_word' id='word_1_66' title='bbox 360 1432 487 1491; x_wconf 72' lang='lat' dir='ltr'>subiisse</span> <span class='ocrx_word' id='word_1_67' title='bbox 502 1433 635 1491; x_wconf 91' lang='lat' dir='ltr'>humeris</span> <span class='ocrx_word' id='word_1_68' title='bbox 649 1432 817 1490; x_wconf 85' lang='lat' dir='ltr'>consectum</span> <span class='ocrx_word' id='word_1_69' title='bbox 832 1441 919 1491; x_wconf 80' lang='lat' dir='ltr'>oetete</span> <span class='ocrx_word' id='word_1_70' title='bbox 934 1436 1108 1511; x_wconf 79' lang='lat' dir='ltr'>parentem!</span> 
     </span>
     <span class='ocr_line' id='line_1_11' title="bbox 227 1525 1228 1605; baseline -0.001 -19"><span class='ocrx_word' id='word_1_71' title='bbox 227 1527 312 1589; x_wconf 66' lang='lat' dir='ltr'>sNen</span> <span class='ocrx_word' id='word_1_72' title='bbox 328 1526 409 1605; x_wconf 91' lang='lat' dir='ltr'>petui</span> <span class='ocrx_word' id='word_1_73' title='bbox 423 1527 578 1603; x_wconf 87' lang='lat' dir='ltr'>sbrcptum</span> <span class='ocrx_word' id='word_1_74' title='bbox 591 1525 732 1583; x_wconf 87' lang='lat' dir='ltr'>divellere</span> <span class='ocrx_word' id='word_1_75' title='bbox 747 1546 867 1603; x_wconf 85' lang='lat' dir='ltr'>cerpus,</span> <span class='ocrx_word' id='word_1_76' title='bbox 883 1535 910 1583; x_wconf 90' lang='lat' dir='ltr'>et</span> <span class='ocrx_word' id='word_1_77' title='bbox 927 1527 1013 1585; x_wconf 89' lang='lat' dir='ltr'>undis</span> <span class='ocrx_word' id='word_1_78' title='bbox 1170 1529 1228 1587; x_wconf 86' lang='grc'>600</span> 
     </span>
     <span class='ocr_line' id='line_1_12' title="bbox 244 1618 1071 1698; baseline 0.001 -21"><span class='ocrx_word' id='word_1_79' title='bbox 244 1620 394 1698; x_wconf 75' lang='lat' dir='ltr'>Spargere</span> <span class='ocrx_word' id='word_1_80' title='bbox 409 1619 420 1675; x_wconf 87' lang='lat'>?</span> <span class='ocrx_word' id='word_1_81' title='bbox 440 1638 500 1677; x_wconf 94' lang='lat' dir='ltr'>nen</span> <span class='ocrx_word' id='word_1_82' title='bbox 514 1620 622 1689; x_wconf 85' lang='lat' dir='ltr'>socies,</span> <span class='ocrx_word' id='word_1_83' title='bbox 637 1638 697 1677; x_wconf 93' lang='lat' dir='ltr'>nen</span> <span class='ocrx_word' id='word_1_84' title='bbox 710 1618 806 1695; x_wconf 86' lang='lat' dir='ltr'>ipsum</span> <span class='ocrx_word' id='word_1_85' title='bbox 820 1620 977 1678; x_wconf 75' lang='lat' dir='ltr'>absumere</span> <span class='ocrx_word' id='word_1_86' title='bbox 991 1620 1071 1679; x_wconf 81' lang='lat' dir='ltr'>ferre</span> 
     </span>
     <span class='ocr_line' id='line_1_13' title="bbox 243 1711 1068 1791; baseline -0.001 -21"><span class='ocrx_word' id='word_1_87' title='bbox 243 1713 417 1784; x_wconf 78' lang='lat' dir='ltr'>Ascanium,</span> <span class='ocrx_word' id='word_1_88' title='bbox 435 1712 598 1791; x_wconf 89' lang='lat' dir='ltr'>petriisqne</span> <span class='ocrx_word' id='word_1_89' title='bbox 611 1711 791 1789; x_wconf 75' lang='lat' dir='ltr'>epulandum</span> <span class='ocrx_word' id='word_1_90' title='bbox 808 1730 917 1789; x_wconf 87' lang='lat' dir='ltr'>ponere</span> <span class='ocrx_word' id='word_1_91' title='bbox 932 1713 1042 1773; x_wconf 87' lang='lat' dir='ltr'>mensis</span> <span class='ocrx_word' id='word_1_92' title='bbox 1057 1712 1068 1769; x_wconf 87' lang='lat'>?</span> 
     </span>
     <span class='ocr_line' id='line_1_14' title="bbox 243 1805 1041 1884; baseline 0.006 -23"><span class='ocrx_word' id='word_1_93' title='bbox 243 1805 358 1864; x_wconf 72' lang='lat' dir='ltr'>Verium</span> <span class='ocrx_word' id='word_1_94' title='bbox 372 1826 484 1884; x_wconf 87' lang='lat' dir='ltr'>eneeps</span> <span class='ocrx_word' id='word_1_95' title='bbox 497 1825 605 1884; x_wconf 71' lang='lat' dir='ltr'>pugne</span> <span class='ocrx_word' id='word_1_96' title='bbox 619 1806 716 1865; x_wconf 84' lang='lat' dir='ltr'>fueret</span> <span class='ocrx_word' id='word_1_97' title='bbox 730 1806 857 1865; x_wconf 79' lang='lat' dir='ltr'>fortune.</span> <span class='ocrx_word' id='word_1_98' title='bbox 899 1807 1019 1866; x_wconf 84' lang='lat' dir='ltr'>Fuisset</span> <span class='ocrx_word' id='word_1_99' title='bbox 1033 1825 1041 1876; x_wconf 92' lang='lat'>;</span> 
     </span>
     <span class='ocr_line' id='line_1_15' title="bbox 243 1900 1095 1971; baseline 0 -12"><span class='ocrx_word' id='word_1_100' title='bbox 243 1900 343 1968; x_wconf 82' lang='lat' dir='ltr'>Quem</span> <span class='ocrx_word' id='word_1_101' title='bbox 355 1901 447 1959; x_wconf 88' lang='lat' dir='ltr'>metui</span> <span class='ocrx_word' id='word_1_102' title='bbox 460 1900 603 1959; x_wconf 82' lang='lat' dir='ltr'>meriture</span> <span class='ocrx_word' id='word_1_103' title='bbox 618 1900 629 1956; x_wconf 68' lang='grc' dir='ltr'><strong><em>ἓ</em></strong></span> <span class='ocrx_word' id='word_1_104' title='bbox 669 1900 769 1958; x_wconf 79' lang='lat' dir='ltr'>Faces</span> <span class='ocrx_word' id='word_1_105' title='bbox 783 1902 813 1959; x_wconf 91' lang='lat' dir='ltr'>in</span> <span class='ocrx_word' id='word_1_106' title='bbox 828 1909 928 1959; x_wconf 84' lang='lat' dir='ltr'>cestre</span> <span class='ocrx_word' id='word_1_107' title='bbox 941 1900 1075 1959; x_wconf 89' lang='lat' dir='ltr'>tulissem</span> <span class='ocrx_word' id='word_1_108' title='bbox 1086 1919 1095 1971; x_wconf 92' lang='lat'>;</span> 
     </span>
     <span class='ocr_line' id='line_1_16' title="bbox 243 1992 1227 2073; baseline 0.002 -20"><span class='ocrx_word' id='word_1_109' title='bbox 243 1992 477 2071; x_wconf 70' lang='lat' dir='ltr'>Inplessemqus</span> <span class='ocrx_word' id='word_1_110' title='bbox 491 1994 572 2051; x_wconf 84' lang='lat' dir='ltr'>feres</span> <span class='ocrx_word' id='word_1_111' title='bbox 586 1993 709 2051; x_wconf 76' lang='lat' dir='ltr'>flammis</span> <span class='ocrx_word' id='word_1_112' title='bbox 724 2012 733 2062; x_wconf 89' lang='lat'>;</span> <span class='ocrx_word' id='word_1_113' title='bbox 756 2002 917 2070; x_wconf 75' lang='lat' dir='ltr'>nutumque</span> <span class='ocrx_word' id='word_1_114' title='bbox 931 2004 1104 2073; x_wconf 82' lang='lat' dir='ltr'>patremque</span> <span class='ocrx_word' id='word_1_115' title='bbox 1169 1996 1227 2055; x_wconf 82' lang='grc'>605</span> 
     </span>
     <span class='ocr_line' id='line_1_17' title="bbox 244 2085 1118 2166; baseline -0.001 -19"><span class='ocrx_word' id='word_1_116' title='bbox 244 2087 322 2148; x_wconf 86' lang='lat' dir='ltr'>Cum</span> <span class='ocrx_word' id='word_1_117' title='bbox 336 2106 448 2166; x_wconf 79' lang='lat' dir='ltr'>genere</span> <span class='ocrx_word' id='word_1_118' title='bbox 463 2085 634 2156; x_wconf 72' lang='lat' dir='ltr'>extinxim3</span> <span class='ocrx_word' id='word_1_119' title='bbox 656 2096 764 2145; x_wconf 85' lang='lat' dir='ltr'>memet</span> <span class='ocrx_word' id='word_1_120' title='bbox 778 2106 869 2164; x_wconf 88' lang='lat' dir='ltr'>super</span> <span class='ocrx_word' id='word_1_121' title='bbox 883 2088 947 2165; x_wconf 89' lang='lat' dir='ltr'>ipse</span> <span class='ocrx_word' id='word_1_122' title='bbox 961 2087 1118 2148; x_wconf 85' lang='lat' dir='ltr'>dedissem.</span> 
     </span>
     <span class='ocr_line' id='line_1_18' title="bbox 244 2179 1028 2259; baseline 0.001 -20"><span class='ocrx_word' id='word_1_123' title='bbox 244 2181 304 2252; x_wconf 88' lang='lat' dir='ltr'>Sel,</span> <span class='ocrx_word' id='word_1_124' title='bbox 322 2181 374 2257; x_wconf 93' lang='lat' dir='ltr'>qui</span> <span class='ocrx_word' id='word_1_125' title='bbox 391 2190 538 2239; x_wconf 87' lang='lat' dir='ltr'>terrerem</span> <span class='ocrx_word' id='word_1_126' title='bbox 552 2179 677 2238; x_wconf 74' lang='lat' dir='ltr'>flammis</span> <span class='ocrx_word' id='word_1_127' title='bbox 691 2200 783 2259; x_wconf 88' lang='lat' dir='ltr'>opere</span> <span class='ocrx_word' id='word_1_128' title='bbox 796 2182 895 2239; x_wconf 87' lang='lat' dir='ltr'>emnis</span> <span class='ocrx_word' id='word_1_129' title='bbox 908 2181 1028 2253; x_wconf 80' lang='lat' dir='ltr'>lustres,</span> 
     </span>
     <span class='ocr_line' id='line_1_19' title="bbox 171 2273 1068 2350; baseline 0.001 -19"><span class='ocrx_word' id='word_1_130' title='bbox 171 2296 178 2311; x_wconf 71' lang='grc'><em>’</em></span> <span class='ocrx_word' id='word_1_131' title='bbox 242 2273 351 2350; x_wconf 87' lang='lat' dir='ltr'>Tuque</span> <span class='ocrx_word' id='word_1_132' title='bbox 365 2274 471 2331; x_wconf 85' lang='lat' dir='ltr'>herum</span> <span class='ocrx_word' id='word_1_133' title='bbox 484 2274 631 2349; x_wconf 81' lang='lat' dir='ltr'>interpres</span> <span class='ocrx_word' id='word_1_134' title='bbox 644 2292 784 2332; x_wconf 87' lang='lat' dir='ltr'>cererem</span> <span class='ocrx_word' id='word_1_135' title='bbox 798 2281 827 2331; x_wconf 90' lang='lat' dir='ltr'>et</span> <span class='ocrx_word' id='word_1_136' title='bbox 842 2273 1068 2345; x_wconf 74' lang='lat' dir='ltr'>conscindere,</span> 
     </span>
     <span class='ocr_line' id='line_1_20' title="bbox 143 2354 1017 2444; baseline -0.002 -17"><span class='ocrx_word' id='word_1_137' title='bbox 143 2354 146 2359; x_wconf 34' lang='lat'>¹</span> <span class='ocrx_word' id='word_1_138' title='bbox 242 2366 270 2429; x_wconf 84' lang='lat' dir='ltr'>N</span> <span class='ocrx_word' id='word_1_139' title='bbox 273 2367 466 2443; x_wconf 88' lang='lat' dir='ltr'>ecternisque</span> <span class='ocrx_word' id='word_1_140' title='bbox 480 2365 601 2424; x_wconf 76' lang='lat' dir='ltr'>Hecate</span> <span class='ocrx_word' id='word_1_141' title='bbox 615 2366 710 2425; x_wconf 83' lang='lat' dir='ltr'>triviis</span> <span class='ocrx_word' id='word_1_142' title='bbox 723 2367 838 2426; x_wconf 82' lang='lat' dir='ltr'>ululate</span> <span class='ocrx_word' id='word_1_143' title='bbox 851 2386 904 2444; x_wconf 88' lang='lat' dir='ltr'>per</span> <span class='ocrx_word' id='word_1_144' title='bbox 917 2368 1017 2437; x_wconf 85' lang='lat' dir='ltr'>urbes,</span> 
     </span>
     <span class='ocr_line' id='line_1_21' title="bbox 242 2458 1227 2530; baseline 0 -13"><span class='ocrx_word' id='word_1_145' title='bbox 242 2459 283 2517; x_wconf 83' lang='lat' dir='ltr'>Et</span> <span class='ocrx_word' id='word_1_146' title='bbox 297 2458 382 2518; x_wconf 80' lang='lat' dir='ltr'>Dirae</span> <span class='ocrx_word' id='word_1_147' title='bbox 396 2460 528 2530; x_wconf 88' lang='lat' dir='ltr'>ultrices,</span> <span class='ocrx_word' id='word_1_148' title='bbox 544 2466 575 2517; x_wconf 88' lang='lat' dir='ltr'>et</span> <span class='ocrx_word' id='word_1_149' title='bbox 589 2458 618 2517; x_wconf 86' lang='lat' dir='ltr'>di</span> <span class='ocrx_word' id='word_1_150' title='bbox 631 2459 785 2517; x_wconf 87' lang='lat' dir='ltr'>morientis</span> <span class='ocrx_word' id='word_1_151' title='bbox 797 2458 917 2530; x_wconf 63' lang='lat' dir='ltr'>Elissae,</span> <span class='ocrx_word' id='word_1_152' title='bbox 1168 2461 1227 2519; x_wconf 85' lang='grc'>610</span> 
     </span>
     <span class='ocr_line' id='line_1_22' title="bbox 242 2551 1073 2630; baseline 0 -19"><span class='ocrx_word' id='word_1_153' title='bbox 242 2552 381 2630; x_wconf 80' lang='lat' dir='ltr'>Accipite</span> <span class='ocrx_word' id='word_1_154' title='bbox 395 2553 472 2624; x_wconf 77' lang='lat' dir='ltr'>brec,</span> <span class='ocrx_word' id='word_1_155' title='bbox 486 2552 683 2629; x_wconf 86' lang='lat' dir='ltr'>meritumque</span> <span class='ocrx_word' id='word_1_156' title='bbox 695 2552 782 2611; x_wconf 86' lang='lat' dir='ltr'>melis</span> <span class='ocrx_word' id='word_1_157' title='bbox 796 2551 940 2611; x_wconf 83' lang='lat' dir='ltr'>advertite</span> <span class='ocrx_word' id='word_1_158' title='bbox 954 2570 1073 2625; x_wconf 87' lang='lat' dir='ltr'>numen,</span> 
     </span>
     <span class='ocr_line' id='line_1_23' title="bbox 241 2646 992 2725; baseline 0 -20"><span class='ocrx_word' id='word_1_159' title='bbox 241 2646 282 2706; x_wconf 83' lang='lat' dir='ltr'>Et</span> <span class='ocrx_word' id='word_1_160' title='bbox 296 2656 415 2705; x_wconf 86' lang='lat' dir='ltr'>nostres</span> <span class='ocrx_word' id='word_1_161' title='bbox 428 2646 528 2705; x_wconf 86' lang='lat' dir='ltr'>eudits</span> <span class='ocrx_word' id='word_1_162' title='bbox 542 2666 657 2722; x_wconf 84' lang='lat' dir='ltr'>preces.</span> <span class='ocrx_word' id='word_1_163' title='bbox 701 2649 732 2705; x_wconf 90' lang='lat' dir='ltr'>Si</span> <span class='ocrx_word' id='word_1_164' title='bbox 748 2656 874 2725; x_wconf 76' lang='lat' dir='ltr'>tangere</span> <span class='ocrx_word' id='word_1_165' title='bbox 889 2655 992 2723; x_wconf 87' lang='lat' dir='ltr'>pertus</span> 
     </span>
     <span class='ocr_line' id='line_1_24' title="bbox 243 2739 989 2816; baseline 0 -19"><span class='ocrx_word' id='word_1_166' title='bbox 243 2739 400 2798; x_wconf 83' lang='lat' dir='ltr'>Insendum</span> <span class='ocrx_word' id='word_1_167' title='bbox 414 2748 503 2816; x_wconf 84' lang='lat' dir='ltr'>ceput</span> <span class='ocrx_word' id='word_1_168' title='bbox 516 2758 553 2797; x_wconf 89' lang='lat' dir='ltr'>ec</span> <span class='ocrx_word' id='word_1_169' title='bbox 566 2740 655 2798; x_wconf 86' lang='lat' dir='ltr'>terris</span> <span class='ocrx_word' id='word_1_170' title='bbox 668 2740 779 2799; x_wconf 81' lang='lat' dir='ltr'>ednere</span> <span class='ocrx_word' id='word_1_171' title='bbox 792 2758 919 2799; x_wconf 85' lang='lat' dir='ltr'>necesse</span> <span class='ocrx_word' id='word_1_172' title='bbox 933 2746 989 2810; x_wconf 88' lang='lat' dir='ltr'>est,</span> 
     </span>
     <span class='ocr_line' id='line_1_25' title="bbox 241 2834 1086 2912; baseline 0 -19"><span class='ocrx_word' id='word_1_173' title='bbox 241 2834 282 2893; x_wconf 79' lang='lat' dir='ltr'>Et</span> <span class='ocrx_word' id='word_1_174' title='bbox 296 2836 342 2893; x_wconf 92' lang='lat' dir='ltr'>sic</span> <span class='ocrx_word' id='word_1_175' title='bbox 355 2835 416 2893; x_wconf 85' lang='lat' dir='ltr'>sete</span> <span class='ocrx_word' id='word_1_176' title='bbox 427 2835 514 2894; x_wconf 87' lang='lat' dir='ltr'>Jevis</span> <span class='ocrx_word' id='word_1_177' title='bbox 527 2844 662 2912; x_wconf 86' lang='lat' dir='ltr'>poscunt,</span> <span class='ocrx_word' id='word_1_178' title='bbox 672 2836 727 2894; x_wconf 70' lang='lat' dir='ltr'>⁴bic</span> <span class='ocrx_word' id='word_1_179' title='bbox 739 2835 884 2895; x_wconf 87' lang='lat' dir='ltr'>terminus</span> <span class='ocrx_word' id='word_1_180' title='bbox 898 2836 991 2894; x_wconf 78' lang='lat' dir='ltr'>bseret</span> <span class='ocrx_word' id='word_1_181' title='bbox 1006 2854 1014 2905; x_wconf 88' lang='lat'>;</span> <span class='ocrx_word' id='word_1_182' title='bbox 1082 2849 1086 2860; x_wconf 89' lang='grc'><strong>“</strong></span> 
     </span>
     <span class='ocr_line' id='line_1_26' title="bbox 237 2927 1227 3005; baseline 0.001 -19"><span class='ocrx_word' id='word_1_183' title='bbox 237 2928 284 3001; x_wconf 62' lang='lat' dir='ltr'>dt</span> <span class='ocrx_word' id='word_1_184' title='bbox 302 2928 381 2986; x_wconf 81' lang='lat' dir='ltr'>belle</span> <span class='ocrx_word' id='word_1_185' title='bbox 396 2927 519 2987; x_wconf 77' lang='lat' dir='ltr'>seducis</span> <span class='ocrx_word' id='word_1_186' title='bbox 533 2927 634 3005; x_wconf 90' lang='lat' dir='ltr'>pepuli</span> <span class='ocrx_word' id='word_1_187' title='bbox 646 2938 770 2989; x_wconf 74' lang='lat' dir='ltr'>venetus</span> <span class='ocrx_word' id='word_1_188' title='bbox 784 2937 815 2987; x_wconf 86' lang='lat' dir='ltr'>et</span> <span class='ocrx_word' id='word_1_189' title='bbox 831 2930 931 3000; x_wconf 84' lang='lat' dir='ltr'>ermis,</span> <span class='ocrx_word' id='word_1_190' title='bbox 1168 2930 1227 2988; x_wconf 86' lang='grc'>616</span> 
     </span>
     <span class='ocr_line' id='line_1_27' title="bbox 241 3004 910 3098; baseline -0.001 -17"><span class='ocrx_word' id='word_1_191' title='bbox 241 3022 368 3081; x_wconf 86' lang='lat' dir='ltr'>Finibus</span> <span class='ocrx_word' id='word_1_192' title='bbox 384 3004 521 3093; x_wconf 63' lang='lat' dir='ltr'>ateiris,</span> <span class='ocrx_word' id='word_1_193' title='bbox 537 3022 693 3098; x_wconf 84' lang='lat' dir='ltr'>complexu</span> <span class='ocrx_word' id='word_1_194' title='bbox 706 3024 828 3081; x_wconf 85' lang='lat' dir='ltr'>evulsus</span> <span class='ocrx_word' id='word_1_195' title='bbox 842 3022 910 3095; x_wconf 86' lang='lat' dir='ltr'>Iuli,</span> 
     </span>
     <span class='ocr_line' id='line_1_28' title="bbox 241 3114 999 3194; baseline 0.005 -21"><span class='ocrx_word' id='word_1_196' title='bbox 241 3115 395 3173; x_wconf 80' lang='lat' dir='ltr'>Auxilium</span> <span class='ocrx_word' id='word_1_197' title='bbox 407 3114 553 3191; x_wconf 86' lang='lat' dir='ltr'>impleret,</span> <span class='ocrx_word' id='word_1_198' title='bbox 570 3116 727 3191; x_wconf 73' lang='lat' dir='ltr'>videatque</span> <span class='ocrx_word' id='word_1_199' title='bbox 741 3115 863 3194; x_wconf 82' lang='lat' dir='ltr'>indigne</span> <span class='ocrx_word' id='word_1_200' title='bbox 877 3136 999 3177; x_wconf 87' lang='lat' dir='ltr'>suerum</span> 
     </span>
     <span class='ocr_line' id='line_1_29' title="bbox 241 3207 1029 3288; baseline 0.003 -21"><span class='ocrx_word' id='word_1_201' title='bbox 241 3207 366 3267; x_wconf 85' lang='lat' dir='ltr'>Funere</span> <span class='ocrx_word' id='word_1_202' title='bbox 381 3228 389 3276; x_wconf 91' lang='lat'>;</span> <span class='ocrx_word' id='word_1_203' title='bbox 412 3226 479 3280; x_wconf 91' lang='lat' dir='ltr'>nec,</span> <span class='ocrx_word' id='word_1_204' title='bbox 497 3228 588 3285; x_wconf 92' lang='lat' dir='ltr'>quem</span> <span class='ocrx_word' id='word_1_205' title='bbox 605 3228 639 3267; x_wconf 91' lang='lat' dir='ltr'>se</span> <span class='ocrx_word' id='word_1_206' title='bbox 652 3210 708 3267; x_wconf 87' lang='lat' dir='ltr'>sub</span> <span class='ocrx_word' id='word_1_207' title='bbox 722 3209 806 3287; x_wconf 80' lang='lat' dir='ltr'>leges</span> <span class='ocrx_word' id='word_1_208' title='bbox 824 3208 907 3288; x_wconf 82' lang='lat' dir='ltr'>pecie</span> <span class='ocrx_word' id='word_1_209' title='bbox 920 3209 1029 3285; x_wconf 79' lang='lat' dir='ltr'>iniquus</span> 
     </span>
     <span class='ocr_line' id='line_1_30' title="bbox 240 3300 948 3379; baseline 0.001 -20"><span class='ocrx_word' id='word_1_210' title='bbox 240 3300 423 3371; x_wconf 74' lang='lat' dir='ltr'>Tradiderit,</span> <span class='ocrx_word' id='word_1_211' title='bbox 438 3320 533 3378; x_wconf 80' lang='lat' dir='ltr'>regne</span> <span class='ocrx_word' id='word_1_212' title='bbox 547 3309 598 3361; x_wconf 88' lang='lat' dir='ltr'>eet</span> <span class='ocrx_word' id='word_1_213' title='bbox 613 3300 714 3379; x_wconf 71' lang='lat' dir='ltr'>eptsti</span> <span class='ocrx_word' id='word_1_214' title='bbox 728 3303 795 3361; x_wconf 84' lang='lat' dir='ltr'>tuce</span> <span class='ocrx_word' id='word_1_215' title='bbox 809 3303 924 3361; x_wconf 81' lang='lat' dir='ltr'>fruetur</span> <span class='ocrx_word' id='word_1_216' title='bbox 941 3322 948 3371; x_wconf 89' lang='lat'><strong>;</strong></span> 
     </span>
     <span class='ocr_line' id='line_1_31' title="bbox 242 3392 1227 3470; baseline 0.004 -19"><span class='ocrx_word' id='word_1_217' title='bbox 242 3394 301 3451; x_wconf 91' lang='lat' dir='ltr'>Sed</span> <span class='ocrx_word' id='word_1_218' title='bbox 316 3392 406 3451; x_wconf 84' lang='lat' dir='ltr'>cedet</span> <span class='ocrx_word' id='word_1_219' title='bbox 420 3402 489 3451; x_wconf 90' lang='lat' dir='ltr'>ente</span> <span class='ocrx_word' id='word_1_220' title='bbox 502 3394 592 3466; x_wconf 87' lang='lat' dir='ltr'>diem,</span> <span class='ocrx_word' id='word_1_221' title='bbox 607 3394 763 3470; x_wconf 69' lang='lat' dir='ltr'>mediique</span> <span class='ocrx_word' id='word_1_222' title='bbox 778 3395 949 3453; x_wconf 85' lang='lat' dir='ltr'>inhumetus</span> <span class='ocrx_word' id='word_1_223' title='bbox 962 3393 1065 3456; x_wconf 71' lang='lat' dir='ltr'>arenti.</span> <span class='ocrx_word' id='word_1_224' title='bbox 1168 3396 1227 3455; x_wconf 72' lang='grc'>600</span> 
     </span>
     <span class='ocr_line' id='line_1_32' title="bbox 242 3485 1225 3566; baseline 0.005 -22"><span class='ocrx_word' id='word_1_225' title='bbox 242 3485 323 3545; x_wconf 70' lang='lat' dir='ltr'>Herc</span> <span class='ocrx_word' id='word_1_226' title='bbox 343 3505 450 3564; x_wconf 89' lang='lat' dir='ltr'>precer</span> <span class='ocrx_word' id='word_1_227' title='bbox 466 3505 473 3543; x_wconf 76' lang='grc' dir='ltr'><strong>ε</strong></span> <span class='ocrx_word' id='word_1_228' title='bbox 495 3487 574 3544; x_wconf 83' lang='lat' dir='ltr'>benc</span> <span class='ocrx_word' id='word_1_229' title='bbox 587 3506 692 3545; x_wconf 87' lang='lat' dir='ltr'>vocem</span> <span class='ocrx_word' id='word_1_230' title='bbox 705 3496 868 3547; x_wconf 78' lang='lat' dir='ltr'>extremam</span> <span class='ocrx_word' id='word_1_231' title='bbox 882 3508 950 3546; x_wconf 92' lang='lat' dir='ltr'>cum</span> <span class='ocrx_word' id='word_1_232' title='bbox 964 3488 1111 3566; x_wconf 80' lang='lat' dir='ltr'>sunguine</span> <span class='ocrx_word' id='word_1_233' title='bbox 1124 3486 1225 3549; x_wconf 79' lang='lat' dir='ltr'>funde.</span> 
     </span>
     <span class='ocr_line' id='line_1_33' title="bbox 244 3579 1078 3659; baseline 0.006 -22"><span class='ocrx_word' id='word_1_234' title='bbox 244 3579 321 3638; x_wconf 89' lang='lat' dir='ltr'>Tum</span> <span class='ocrx_word' id='word_1_235' title='bbox 336 3600 399 3652; x_wconf 90' lang='lat' dir='ltr'>ves,</span> <span class='ocrx_word' id='word_1_236' title='bbox 414 3602 432 3639; x_wconf 95' lang='lat' dir='ltr'>e</span> <span class='ocrx_word' id='word_1_237' title='bbox 446 3580 543 3657; x_wconf 57' lang='lat' dir='ltr'>hrii,</span> <span class='ocrx_word' id='word_1_238' title='bbox 559 3582 681 3659; x_wconf 89' lang='lat' dir='ltr'>stirpem</span> <span class='ocrx_word' id='word_1_239' title='bbox 693 3590 723 3640; x_wconf 89' lang='lat' dir='ltr'>et</span> <span class='ocrx_word' id='word_1_240' title='bbox 736 3602 833 3659; x_wconf 85' lang='lat' dir='ltr'>genus</span> <span class='ocrx_word' id='word_1_241' title='bbox 846 3602 932 3641; x_wconf 88' lang='lat' dir='ltr'>omne</span> <span class='ocrx_word' id='word_1_242' title='bbox 947 3583 1078 3642; x_wconf 87' lang='lat' dir='ltr'>futurum</span> 
     </span>
     <span class='ocr_line' id='line_1_34' title="bbox 243 3671 999 3751; baseline 0.001 -20"><span class='ocrx_word' id='word_1_243' title='bbox 243 3671 394 3731; x_wconf 78' lang='lat' dir='ltr'>Exercete</span> <span class='ocrx_word' id='word_1_244' title='bbox 409 3674 484 3733; x_wconf 92' lang='lat' dir='ltr'>ediis</span> <span class='ocrx_word' id='word_1_245' title='bbox 498 3694 506 3744; x_wconf 88' lang='lat'>;</span> <span class='ocrx_word' id='word_1_246' title='bbox 529 3676 682 3751; x_wconf 72' lang='lat' dir='ltr'>cinerique</span> <span class='ocrx_word' id='word_1_247' title='bbox 700 3676 765 3735; x_wconf 79' lang='lat' dir='ltr'>haec</span> <span class='ocrx_word' id='word_1_248' title='bbox 779 3676 884 3734; x_wconf 88' lang='lat' dir='ltr'>mittite</span> <span class='ocrx_word' id='word_1_249' title='bbox 898 3684 999 3734; x_wconf 88' lang='lat' dir='ltr'>eostre</span> 
     </span>
     <span class='ocr_line' id='line_1_35' title="bbox 242 3764 1066 3846; baseline 0.007 -22"><span class='ocrx_word' id='word_1_250' title='bbox 242 3764 381 3827; x_wconf 85' lang='lat' dir='ltr'>Munere.</span> <span class='ocrx_word' id='word_1_251' title='bbox 422 3768 533 3829; x_wconf 90' lang='lat' dir='ltr'>Nullus</span> <span class='ocrx_word' id='word_1_252' title='bbox 546 3788 629 3827; x_wconf 86' lang='lat' dir='ltr'>emer</span> <span class='ocrx_word' id='word_1_253' title='bbox 642 3770 757 3846; x_wconf 88' lang='lat' dir='ltr'>populis</span> <span class='ocrx_word' id='word_1_254' title='bbox 770 3789 827 3827; x_wconf 89' lang='lat' dir='ltr'>nee</span> <span class='ocrx_word' id='word_1_255' title='bbox 842 3769 956 3827; x_wconf 85' lang='lat' dir='ltr'>foedere</span> <span class='ocrx_word' id='word_1_256' title='bbox 970 3775 1066 3830; x_wconf 88' lang='lat' dir='ltr'>sente.</span> 
     </span>
     <span class='ocr_line' id='line_1_36' title="bbox 242 3858 1226 3937; baseline 0.002 -20"><span class='ocrx_word' id='word_1_257' title='bbox 242 3858 390 3917; x_wconf 77' lang='lat' dir='ltr'>Exoriare</span> <span class='ocrx_word' id='word_1_258' title='bbox 405 3861 512 3937; x_wconf 82' lang='lat' dir='ltr'>uliquis</span> <span class='ocrx_word' id='word_1_259' title='bbox 526 3862 635 3920; x_wconf 90' lang='lat' dir='ltr'>nestris</span> <span class='ocrx_word' id='word_1_260' title='bbox 649 3881 685 3919; x_wconf 87' lang='lat' dir='ltr'>ex</span> <span class='ocrx_word' id='word_1_261' title='bbox 699 3862 817 3920; x_wconf 89' lang='lat' dir='ltr'>essibus</span> <span class='ocrx_word' id='word_1_262' title='bbox 831 3862 918 3933; x_wconf 87' lang='lat' dir='ltr'>ulter,</span> <span class='ocrx_word' id='word_1_263' title='bbox 1169 3862 1226 3919; x_wconf 74' lang='grc'>605</span> 
     </span>
     <span class='ocr_line' id='line_1_37' title="bbox 245 3952 1017 4033; baseline 0.005 -23"><span class='ocrx_word' id='word_1_264' title='bbox 245 3952 305 4020; x_wconf 77' lang='lat' dir='ltr'>Qui</span> <span class='ocrx_word' id='word_1_265' title='bbox 322 3953 390 4011; x_wconf 77' lang='lat' dir='ltr'>sace</span> <span class='ocrx_word' id='word_1_266' title='bbox 404 3954 576 4013; x_wconf 87' lang='lat' dir='ltr'>Derdsnies</span> <span class='ocrx_word' id='word_1_267' title='bbox 588 3956 727 4033; x_wconf 83' lang='lat' dir='ltr'>ferreque</span> <span class='ocrx_word' id='word_1_268' title='bbox 741 3976 870 4031; x_wconf 82' lang='lat' dir='ltr'>sequere</span> <span class='ocrx_word' id='word_1_269' title='bbox 885 3956 1017 4028; x_wconf 84' lang='lat' dir='ltr'>colones,</span> 
     </span>
     <span class='ocr_line' id='line_1_38' title="bbox 243 4045 1067 4127; baseline 0.007 -23"><span class='ocrx_word' id='word_1_270' title='bbox 243 4045 343 4118; x_wconf 87' lang='lat' dir='ltr'>Nunc,</span> <span class='ocrx_word' id='word_1_271' title='bbox 358 4047 440 4119; x_wconf 88' lang='lat' dir='ltr'>elim,</span> <span class='ocrx_word' id='word_1_272' title='bbox 456 4068 644 4127; x_wconf 89' lang='lat' dir='ltr'>quecumque</span> <span class='ocrx_word' id='word_1_273' title='bbox 658 4050 770 4107; x_wconf 89' lang='lat' dir='ltr'>debunt</span> <span class='ocrx_word' id='word_1_274' title='bbox 783 4069 817 4107; x_wconf 88' lang='lat' dir='ltr'>se</span> <span class='ocrx_word' id='word_1_275' title='bbox 831 4059 962 4127; x_wconf 91' lang='lat' dir='ltr'>tempere</span> <span class='ocrx_word' id='word_1_276' title='bbox 978 4051 1067 4110; x_wconf 89' lang='lat' dir='ltr'>vires.</span> 
     </span>
     <span class='ocr_line' id='line_1_39' title="bbox 155 4138 969 4215; baseline 0.005 -18"><span class='ocrx_word' id='word_1_277' title='bbox 155 4163 159 4172; x_wconf 95' lang='lat'>·</span> <span class='ocrx_word' id='word_1_278' title='bbox 241 4138 360 4197; x_wconf 79' lang='lat' dir='ltr'>Littera</span> <span class='ocrx_word' id='word_1_279' title='bbox 372 4140 519 4200; x_wconf 86' lang='lat' dir='ltr'>littoribus</span> <span class='ocrx_word' id='word_1_280' title='bbox 533 4143 694 4213; x_wconf 88' lang='lat' dir='ltr'>centrerie,</span> <span class='ocrx_word' id='word_1_281' title='bbox 710 4142 850 4201; x_wconf 86' lang='lat' dir='ltr'>fluctibus</span> <span class='ocrx_word' id='word_1_282' title='bbox 864 4144 969 4215; x_wconf 85' lang='lat' dir='ltr'>eudes,</span> 
     </span>
     <span class='ocr_line' id='line_1_40' title="bbox 241 4230 1120 4315; baseline 0.01 -26"><span class='ocrx_word' id='word_1_283' title='bbox 241 4230 406 4309; x_wconf 86' lang='lat' dir='ltr'>Imprecer,</span> <span class='ocrx_word' id='word_1_284' title='bbox 422 4253 506 4293; x_wconf 65' lang='lat' dir='ltr'>nme</span> <span class='ocrx_word' id='word_1_285' title='bbox 519 4236 608 4295; x_wconf 74' lang='lat' dir='ltr'>mmis</span> <span class='ocrx_word' id='word_1_286' title='bbox 624 4254 631 4291; x_wconf 94' lang='lat'>:</span> <span class='ocrx_word' id='word_1_287' title='bbox 653 4244 785 4313; x_wconf 80' lang='lat' dir='ltr'>pugnent</span> <span class='ocrx_word' id='word_1_288' title='bbox 799 4235 913 4315; x_wconf 90' lang='lat' dir='ltr'>ipsique</span> <span class='ocrx_word' id='word_1_289' title='bbox 928 4244 1120 4315; x_wconf 83' lang='lat' dir='ltr'>nepotesque.</span> 
     </span>
     <span class='ocr_line' id='line_1_41' title="bbox 199 4324 1226 4408; baseline 0.005 -24"><span class='ocrx_word' id='word_1_290' title='bbox 199 4336 203 4346; x_wconf 91' lang='lat'>&#39;</span> <span class='ocrx_word' id='word_1_291' title='bbox 228 4346 240 4357; x_wconf 53' lang='lat'>³</span> <span class='ocrx_word' id='word_1_292' title='bbox 279 4324 360 4385; x_wconf 78' lang='lat' dir='ltr'>Haec</span> <span class='ocrx_word' id='word_1_293' title='bbox 376 4326 427 4400; x_wconf 89' lang='lat' dir='ltr'>sit,</span> <span class='ocrx_word' id='word_1_294' title='bbox 443 4338 474 4389; x_wconf 88' lang='lat' dir='ltr'>et</span> <span class='ocrx_word' id='word_1_295' title='bbox 487 4339 588 4408; x_wconf 87' lang='lat' dir='ltr'>pertes</span> <span class='ocrx_word' id='word_1_296' title='bbox 602 4330 731 4389; x_wconf 75' lang='lat' dir='ltr'>animum</span> <span class='ocrx_word' id='word_1_297' title='bbox 744 4333 883 4390; x_wconf 80' lang='lat' dir='ltr'>versabat</span> <span class='ocrx_word' id='word_1_298' title='bbox 897 4332 927 4390; x_wconf 94' lang='lat' dir='ltr'>in</span> <span class='ocrx_word' id='word_1_299' title='bbox 941 4351 1054 4404; x_wconf 89' lang='lat' dir='ltr'>omnes,</span> <span class='ocrx_word' id='word_1_300' title='bbox 1168 4333 1226 4390; x_wconf 77' lang='grc'>630</span> 
     </span>
    </p>
   </div>
   <div class='ocr_carea' id='block_1_4' title="bbox 0 0 1588 5234">
    <p class='ocr_par' dir='ltr' id='par_1_4' title="bbox 0 0 1588 5234">
     <span class='ocr_line' id='line_1_42' title="bbox 0 0 1588 5234; baseline 0 0"><span class='ocrx_word' id='word_1_301' title='bbox 0 0 1588 5234; x_wconf 95' lang='lat' dir='ltr'> </span> 
     </span>
    </p>
   </div>
  </div>
 </body>
</html>
