3167 5234
381 578 443 638 tou
671 570 700 619 r.
719 561 887 616 vtsotnu
910 566 1084 616 uramus

381 713 626 788 Pendentemqne
640 710 733 781 sinus,
750 717 779 768 et
792 707 857 767 toto
870 716 953 767 veste
967 714 1122 765 nocentem

382 810 555 873 ceruleum
568 806 601 865 in
614 804 759 885 gremium
774 803 987 879 latebrosaque
1003 801 1125 859 flumine
1139 798 1242 861 eletos.

380 905 422 965 At
436 904 553 973 Caesar,
568 898 678 977 triplici
691 898 828 957 invectus
842 896 979 955 Romana
993 894 1141 972 triumpho

380 996 507 1069 ania,
523 995 569 1053 dis
583 992 668 1052 Italis
681 994 782 1050 votum
796 987 961 1048 immortale
975 990 1126 1062 sacrahat,

380 1091 515 1151 Maxime
528 1099 576 1148 ter
588 1095 708 1147 dentum
721 1090 815 1145 totam
830 1086 955 1144 delubra
969 1097 1023 1163 per
1036 1084 1149 1145 urbem.

381 1182 503 1245 Laetitid
518 1183 656 1258 ludisque
670 1180 726 1239 vite
741 1180 909 1258 plausuque
926 1179 1091 1237 fremebant
1108 1190 1115 1237 t

381 1279 527 1339 Omnibus
541 1277 571 1335 in
583 1274 700 1353 templis
713 1280 842 1332 matrum
856 1274 975 1345 chorus,
992 1274 1127 1333 omnibus
1141 1282 1201 1334 arui
1217 1292 1226 1346 ς

379 1375 461 1432 Ante
475 1382 543 1429 aras
557 1378 667 1428 terram
681 1368 754 1427 cresi
767 1366 903 1427 stravere
914 1355 1046 1443 juvenci.

380 1462 462 1544 Ipse,
478 1462 588 1523 sedens
602 1462 689 1521 niveo
703 1458 858 1521 candentis
872 1461 972 1519 limine
986 1461 1104 1534 Phoebi,

379 1558 471 1618 Dona
484 1558 673 1636 recognoscit
687 1557 871 1635 populorum,
889 1563 1030 1632 aptatque
1045 1556 1184 1633 superbis

380 1652 541 1720 Postibus:
564 1650 704 1710 incedunt
719 1651 806 1708 victae
820 1650 910 1728 longo
924 1648 1026 1707 ordine
1041 1658 1159 1727 gentes,

304 1812 307 1819 ,
382 1744 484 1814 Quam
498 1744 588 1804 verim
602 1743 724 1823 linguis,
738 1744 841 1801 habitu
855 1747 917 1801 tem
931 1743 1021 1801 vestis
1036 1750 1065 1800 et
1080 1744 1179 1803 armis.

380 1838 446 1899 Hic
459 1839 627 1900 Nomadum
641 1856 736 1916 genus
750 1843 780 1895 et
794 1836 955 1895 discinctos
971 1836 1123 1895 Mulciber
1135 1837 1235 1910 Alios,
1340 1872 1344 1880 ·

380 1932 445 1993 Hic
458 1931 599 2011 Lelegas,
616 1930 786 2007 Carasque,
804 1930 1043 2011 sagittiferosque
1057 1930 1203 2003 Gelonos,
1359 1924 1363 1933 '

294 2055 299 2067 ·
380 2027 533 2087 Finxerat.
576 2025 748 2101 Euphrates
762 2024 823 2081 ibat
834 2025 898 2101 jem
911 2022 1026 2081 mollior
1040 2024 1135 2096 undis,

379 2122 574 2199 Extremique
588 2120 738 2179 hominum
750 2114 870 2192 Morini,
887 2116 1072 2197 Rhenusque
1087 2120 1227 2195 bicornis,

381 2216 577 2292 indomitique
591 2209 700 2285 Dehm,
717 2223 747 2273 et
761 2223 879 2291 pontem
895 2214 1065 2293 indignatus
1079 2212 1208 2275 Araxes.

381 2308 468 2367 Talia
483 2328 536 2387 per
550 2308 688 2385 clypeum
701 2303 843 2379 Vulcani,
860 2306 937 2366 dona
952 2310 1091 2386 parentis,

379 2396 518 2473 Miretur,
536 2417 695 2479 rerumque
711 2400 834 2479 ignarus
849 2400 977 2480 imagine
994 2402 1116 2481 gaudet,

379 2494 528 2554 Attollens
542 2494 664 2554 humero
679 2494 846 2572 semumque
861 2503 891 2553 et
905 2494 966 2553 iata
980 2504 1128 2574 nepotum.
1179 2572 1180 2579 ἵ

759 2714 991 2735 ———-⁴—-——

723 2902 1032 2977 AENEIDOS
1086 2922 1090 2929 ·

739 3077 904 3141 crena
931 3080 994 3141 1x.

376 3238 489 3304 Areos
503 3248 541 3295 ea
554 3235 675 3297 dirersis
688 3237 806 3317 penitius
820 3240 889 3298 dum
904 3246 986 3317 parte
1001 3245 1156 3317 geruntur,

376 3331 449 3391 Irim
462 3333 591 3391 deeoelo
607 3332 684 3391 misit
699 3332 840 3393 Saturnia
853 3335 874 3392 J
877 3352 934 3391 uno

375 3425 533 3485 Audacem
549 3426 586 3485 ad
599 3427 743 3486 Turnum.
784 3426 871 3486 Luco
884 3440 947 3487 tum
960 3422 1035 3484 forte
1051 3424 1182 3503 parentis

374 3517 505 3579 Pilumni
517 3520 640 3579 Turnus
653 3520 775 3581 socrati
788 3522 866 3580 valle
881 3520 1014 3580 sedebat.

374 3612 424 3672 Ad
440 3633 528 3691 quem
542 3613 585 3683 sic
599 3632 687 3673 roseo
699 3614 918 3674 Thaumantias
932 3634 983 3672 ore
1002 3614 1102 3673 locuta
1116 3622 1161 3674 est
1175 3633 1184 3673 t
1342 3614 1362 3674 ὅ

413 3708 529 3781 Turne,
546 3706 624 3785 quod
638 3710 750 3787 optanti
764 3708 863 3769 divum
877 3710 1046 3788 promittere
1061 3726 1149 3769 nemo

373 3797 518 3873 Auderet,
534 3802 680 3861 volvenda
694 3802 769 3876 dies,
785 3824 834 3877 en,
851 3803 947 3863 attulit
962 3804 1060 3863 ultro:

372 3894 503 3966 AEneas‚
519 3897 604 3968 urbe,
620 3905 650 3954 et
664 3893 763 3970 sociis,
780 3907 811 3956 et
825 3898 922 3957 classe
937 3898 1053 3971 relicti,

374 3988 499 4065 Sceptra
511 3988 639 4047 Palatini
654 3990 815 4068 sedemque
831 3994 902 4069 petit
920 3990 1060 4052 Evandri.

372 4080 440 4138 Nec
452 4080 527 4139 setis
543 4101 550 4139 ι
572 4093 721 4143 extremas
736 4084 863 4163 Corythi
877 4088 1043 4165 penetravit
1058 4086 1095 4145 ad
1110 4081 1223 4156 urbes3
1326 4086 1361 4145 10

372 4172 584 4250 Lydorumque
597 4194 727 4250 manum,
744 4178 888 4237 collectos
902 4188 996 4239 armat
1015 4188 1161 4259 agrestes.

373 4259 455 4332 Quid
467 4265 585 4326 dubitas
599 4269 610 4325 l
631 4288 711 4329 nune
724 4278 841 4350 tempus
855 4292 959 4349 equos,
976 4288 1056 4333 ntrnc
1070 4292 1196 4352 poscere
1210 4286 1337 4335 eumue:

371 4356 490 4439 Empe
503 4375 603 4422 morae
616 4380 730 4439 omnes,
745 4374 775 4425 et
787 4368 910 4425 turbata
923 4368 1021 4446 arripe
1036 4376 1146 4429 eastra.
