3167 5234
370 559 413 617 24
654 553 681 602 P.
703 553 870 602 vlnolml
894 555 1068 604 Mettum

370 691 475 754 Audiit
487 693 631 764 Eurotas,
643 693 795 770 jussitque
807 695 944 752 ediscere
957 694 1071 765 horos,

371 785 428 846 lllc
442 787 522 846 cenit
536 805 545 844 τ
567 785 661 865 pulso
674 787 808 845 referunt
821 789 859 845 sd
872 789 974 846 sidera
984 789 1102 846 velles:

371 877 493 960 Cogere
508 879 604 939 donec
617 899 690 938 oren
703 882 830 940 stebdis
842 900 1059 958 numerumque
1071 880 1188 942 referre
1321 885 1363 944 8⁵

370 973 477 1048 Juesit,
491 983 522 1034 et
536 973 628 1034 inrito
641 979 787 1053 processit
798 975 919 1064 Vesper
930 975 1067 1053 Olympo.

711 1316 905 1383 ECLOGA
933 1317 1013 1382 VH.

759 1468 965 1520 irruemus.

774 1622 952 1663 MUBOEUS·

369 1723 478 1788 Pom
492 1728 548 1787 suh
563 1729 671 1806 orguil
685 1727 863 1786 consederat
877 1729 946 1786 ilice
958 1727 1106 1806 Daphnis,

370 1819 645 1899 compulerantque
659 1841 771 1900 greges
783 1821 928 1898 Corydon
940 1829 971 1880 et
984 1822 1112 1899 Thyrsis
1126 1823 1156 1881 in
1170 1842 1262 1882 unum
1275 1841 1284 1892 ς

368 1911 496 1993 Thyrsis
510 1935 592 1988 oves,
609 1915 753 1992 Corydon
767 1915 913 1972 distentus
926 1915 1005 1972 lecte
1019 1916 1175 1994 cupellas:

369 2005 468 2067 Ambo
482 2007 623 2067 florentes
638 2009 786 2080 aetstibus,
803 2008 938 2066 Arcades
954 2009 1053 2080 umbo,

368 2099 410 2160 Et
424 2111 548 2162 centnre
563 2121 662 2180 peres,
678 2111 708 2160 et
722 2101 903 2180 respondere
919 2102 1024 2179 pereti.
1337 2105 1359 2163 5

408 2192 481 2254 Huc
495 2195 575 2268 mihi,
591 2195 660 2253 dum
674 2205 795 2253 teneres
808 2195 935 2254 delendo
949 2215 969 2252 e
981 2194 1092 2274 frigore
1104 2203 1227 2273 myrtos,

368 2285 425 2347 Vir
438 2289 541 2368 gregis
554 2290 618 2366 ipse
633 2307 724 2366 ceper
737 2289 952 2346 deerrnrerot:
974 2297 1064 2364 utque
1079 2307 1137 2366 ego
1150 2288 1293 2366 Daphnin

368 2380 519 2459 Adspicio.
563 2382 618 2441 Ille
632 2383 682 2441 ubi
696 2401 743 2440 nre
757 2382 864 2440 contri
877 2381 967 2453 videt,
986 2387 1007 2414 “
1016 2381 1147 2454 Ocihs,''
1159 2382 1266 2459 inquit,

372 2479 393 2509 “
403 2474 475 2535 Huc
489 2477 571 2549 sdes,
587 2497 606 2535 ο
620 2475 768 2536 Meliboee
783 2495 791 2547 ;
815 2495 909 2554 ceper
920 2477 974 2534 tibi
988 2477 1099 2546 sulvus,
1115 2485 1147 2534 et
1160 2477 1238 2536 baedi
1253 2495 1262 2536 ε

367 2565 419 2642 Et,
435 2571 461 2628 si
476 2570 545 2646 quid
559 2589 680 2629 cessere
696 2579 788 2648 potes,
805 2571 964 2646 requiesce
978 2573 1035 2628 sub
1048 2568 1164 2630 umbri„
1319 2575 1357 2632 10

367 2659 441 2721 Huc
455 2661 509 2740 ipsi
525 2671 623 2740 potum
638 2664 756 2721 venient
772 2683 825 2740 per
838 2675 924 2741 prote
933 2663 1056 2740 juvenci
1069 2682 1077 2732 3

367 2752 431 2814 Hie
444 2755 546 2814 viridis
559 2754 664 2814 tenere
678 2757 811 2833 praetexit
826 2757 970 2814 arundine
984 2756 1065 2833 ripen

367 2847 507 2922 Mincius,
524 2869 601 2926 eque
616 2849 705 2908 socri
719 2858 860 2908 renonent
873 2850 1012 2907 exnminn
1027 2851 1174 2925 quercu.”

368 2941 449 3012 Quid
458 2944 589 3002 facerem
601 2943 611 3000 l
627 2963 725 3020 neque
734 2963 791 3022 ego
800 2944 957 3021 Alcippen,
967 2940 1023 3001 nec
1034 2943 1182 3020 Phyllide,
1192 2945 1351 3019 bibebam,

309 3021 312 3030 ¹
365 3033 517 3115 Depulsos
531 3057 550 3096 n
563 3037 640 3097 lecte
655 3037 733 3096 domi
747 3056 815 3113 quae
829 3037 982 3097 clauderet
998 3056 1116 3116 egn0s3
1318 3043 1354 3099 15

365 3128 406 3189 Et
421 3137 572 3189 certhmen
587 3139 662 3203 eret,
679 3129 822 3208 Corydon
835 3150 903 3188 cum
915 3131 1076 3207 Thyrside,
1091 3150 1242 3210 magnum.

366 3217 527 3284 Posthebui
541 3235 640 3285 temen
655 3224 769 3283 illorum
785 3243 852 3282 mee
865 3224 945 3282 serio
958 3224 1037 3284 ludo.

365 3315 500 3378 Alternis
514 3319 605 3398 igitur
618 3317 799 3376 contendere
813 3318 949 3376 versibus
963 3320 1050 3377 umbo

367 3409 498 3489 Ooepire
510 3431 518 3482 ς
543 3413 673 3471 alternos
686 3411 783 3470 Musae
799 3411 969 3470 meminisse
982 3412 1130 3474 volebant.

365 3503 434 3564 Hos
449 3505 600 3586 Corydon,
617 3507 683 3564 illos
697 3505 846 3564 reserehet
860 3506 890 3563 in
904 3505 1007 3564 ordine
1021 3505 1157 3582 Thyrsis.
1311 3511 1354 3570 20

781 3683 933 3725 CORYDON-

364 3789 521 3868 Nymphae,
536 3797 636 3850 noster
649 3808 743 3862 soror,
758 3789 960 3863 Libethrides,
976 3799 1027 3849 aut
1041 3791 1112 3851 mihi
1124 3810 1257 3867 carmen,

365 3883 463 3951 Quale
477 3903 543 3942 meo
558 3883 670 3956 Codro,
686 3883 842 3943 concedite
857 3903 866 3954 ;
891 3885 1024 3962 proxime
1036 3885 1145 3944 Phoebi

363 3975 510 4036 Versibus
522 3978 572 4037 illo
586 3979 657 4038 iecit
672 3998 679 4036 ι
702 3987 763 4050 eut,
780 3978 805 4036 ei
819 3997 877 4036 non
892 3968 1048 4057 possuinus
1061 3997 1175 4052 omnes,

364 4067 427 4132 Hic
441 4080 550 4152 argute
563 4073 648 4131 secrl
663 4073 802 4151 pendebit
816 4073 915 4132 fistule
929 4065 1016 4151 pinu.¹

786 4249 925 4292 unresls.

364 4351 516 4426 Postume,
532 4351 641 4414 hedeni
655 4363 842 4415 crescentem
856 4364 960 4415 ornate
975 4357 1102 4434 poetam,
1307 4359 1349 4417 25

364 4447 509 4522 Arcades,
525 4448 634 4510 invidit
648 4457 824 4530 rumpentur
836 4459 869 4508 ut
883 4450 935 4509 iliu
949 4447 1071 4510 Codro:
