<?xml version="1.0" encoding="UTF-8"?>
<!DOCTYPE html PUBLIC "-//W3C//DTD XHTML 1.0 Transitional//EN"
    "http://www.w3.org/TR/xhtml1/DTD/xhtml1-transitional.dtd">
<html xmlns="http://www.w3.org/1999/xhtml" xml:lang="en" lang="en">
 <head>
  <title>
</title>
<meta http-equiv="Content-Type" content="text/html;charset=utf-8" />
  <meta name='ocr-system' content='tesseract 3.04.00' />
  <meta name='ocr-capabilities' content='ocr_page ocr_carea ocr_par ocr_line ocrx_word'/>
</head>
<body>
  <div class='ocr_page' id='page_1' title='image "./pvirgiliimaroni01bowegoog/pvirgiliimaroni01bowegoog_0050.png"; bbox 0 0 3167 5234; ppageno 0'>
   <div class='ocr_carea' id='block_1_1' title="bbox 340 547 1032 614">
    <p class='ocr_par' dir='ltr' id='par_1_1' title="bbox 340 547 1032 614">
     <span class='ocr_line' id='line_1_1' title="bbox 340 547 1032 614; baseline 0 -18"><span class='ocrx_word' id='word_1_1' title='bbox 340 555 377 614; x_wconf 67' lang='lat'><strong>40</strong></span> <span class='ocrx_word' id='word_1_2' title='bbox 625 550 652 596; x_wconf 85' lang='lat' dir='ltr'><strong>P.</strong></span> <span class='ocrx_word' id='word_1_3' title='bbox 673 548 841 598; x_wconf 84' lang='lat' dir='ltr'><strong>VIRGlLll</strong></span> <span class='ocrx_word' id='word_1_4' title='bbox 859 547 1032 597; x_wconf 72' lang='lat' dir='ltr'><strong>minuma</strong></span> 
     </span>
    </p>
   </div>
   <div class='ocr_carea' id='block_1_2' title="bbox 230 687 1327 4408">
    <p class='ocr_par' dir='ltr' id='par_1_2' title="bbox 230 687 1327 4408">
     <span class='ocr_line' id='line_1_2' title="bbox 342 687 1051 766; baseline -0.003 -19"><span class='ocrx_word' id='word_1_5' title='bbox 342 688 548 764; x_wconf 76' lang='lat' dir='ltr'><strong>Silvarumque</strong></span> <span class='ocrx_word' id='word_1_6' title='bbox 563 687 629 746; x_wconf 72' lang='lat' dir='ltr'><strong>alie</strong></span> <span class='ocrx_word' id='word_1_7' title='bbox 644 707 763 765; x_wconf 88' lang='lat' dir='ltr'><strong>pressos</strong></span> <span class='ocrx_word' id='word_1_8' title='bbox 777 689 947 766; x_wconf 74' lang='lat' dir='ltr'>propaginis</span> <span class='ocrx_word' id='word_1_9' title='bbox 961 705 1051 746; x_wconf 86' lang='lat' dir='ltr'><strong>arcus</strong></span> 
     </span>
     <span class='ocr_line' id='line_1_3' title="bbox 340 779 1009 860; baseline -0.007 -18"><span class='ocrx_word' id='word_1_10' title='bbox 340 781 537 860; x_wconf 78' lang='lat' dir='ltr'>Exspectant,</span> <span class='ocrx_word' id='word_1_11' title='bbox 553 789 582 840; x_wconf 89' lang='lat' dir='ltr'><strong>st</strong></span> <span class='ocrx_word' id='word_1_12' title='bbox 596 782 663 839; x_wconf 90' lang='lat' dir='ltr'><strong>viva</strong></span> <span class='ocrx_word' id='word_1_13' title='bbox 677 780 734 840; x_wconf 73' lang='lat' dir='ltr'><strong>sud</strong></span> <span class='ocrx_word' id='word_1_14' title='bbox 747 782 895 859; x_wconf 85' lang='lat' dir='ltr'><strong>plantaria</strong></span> <span class='ocrx_word' id='word_1_15' title='bbox 908 779 1009 840; x_wconf 68' lang='lat' dir='ltr'><strong>terri:</strong></span> 
     </span>
     <span class='ocr_line' id='line_1_4' title="bbox 341 869 1091 953; baseline -0.005 -19"><span class='ocrx_word' id='word_1_16' title='bbox 341 875 393 934; x_wconf 90' lang='lat' dir='ltr'><strong>Nil</strong></span> <span class='ocrx_word' id='word_1_17' title='bbox 407 875 517 933; x_wconf 78' lang='lat' dir='ltr'><strong>radicis</strong></span> <span class='ocrx_word' id='word_1_18' title='bbox 531 882 620 953; x_wconf 85' lang='lat' dir='ltr'><strong>egent</strong></span> <span class='ocrx_word' id='word_1_19' title='bbox 635 874 702 932; x_wconf 80' lang='lat' dir='ltr'><strong>alim</strong></span> <span class='ocrx_word' id='word_1_20' title='bbox 719 894 727 944; x_wconf 92' lang='lat'>;</span> <span class='ocrx_word' id='word_1_21' title='bbox 751 869 957 951; x_wconf 80' lang='lat' dir='ltr'><strong>summumque</strong></span> <span class='ocrx_word' id='word_1_22' title='bbox 973 881 1091 951; x_wconf 87' lang='lat' dir='ltr'><strong>putator</strong></span> 
     </span>
     <span class='ocr_line' id='line_1_5' title="bbox 341 963 1212 1030; baseline -0.003 -1"><span class='ocrx_word' id='word_1_23' title='bbox 341 970 435 1030; x_wconf 85' lang='lat' dir='ltr'><strong>Haud</strong></span> <span class='ocrx_word' id='word_1_24' title='bbox 450 971 563 1029; x_wconf 90' lang='lat' dir='ltr'><strong>dubitat</strong></span> <span class='ocrx_word' id='word_1_25' title='bbox 577 979 664 1028; x_wconf 78' lang='lat' dir='ltr'><strong>terrae</strong></span> <span class='ocrx_word' id='word_1_26' title='bbox 678 971 969 1030; x_wconf 78' lang='lat' dir='ltr'><strong>referenemandare</strong></span> <span class='ocrx_word' id='word_1_27' title='bbox 984 987 1130 1028; x_wconf 77' lang='lat' dir='ltr'><strong>cacumen</strong></span> <span class='ocrx_word' id='word_1_28' title='bbox 1145 987 1154 1026; x_wconf 71' lang='grc' dir='ltr'><strong>ε</strong></span> <span class='ocrx_word' id='word_1_29' title='bbox 1208 963 1212 969; x_wconf 74' lang='grc'><strong>’</strong></span> 
     </span>
     <span class='ocr_line' id='line_1_6' title="bbox 342 1063 1073 1145; baseline -0.003 -23"><span class='ocrx_word' id='word_1_30' title='bbox 342 1064 424 1132; x_wconf 80' lang='lat' dir='ltr'><strong>Quin</strong></span> <span class='ocrx_word' id='word_1_31' title='bbox 439 1072 468 1121; x_wconf 92' lang='lat' dir='ltr'><strong>et</strong></span> <span class='ocrx_word' id='word_1_32' title='bbox 482 1063 656 1122; x_wconf 82' lang='lat' dir='ltr'><strong>caudicibus</strong></span> <span class='ocrx_word' id='word_1_33' title='bbox 670 1065 771 1135; x_wconf 89' lang='lat' dir='ltr'><strong>sectis,</strong></span> <span class='ocrx_word' id='word_1_34' title='bbox 790 1064 940 1140; x_wconf 88' lang='lat' dir='ltr'><strong>(mirabile</strong></span> <span class='ocrx_word' id='word_1_35' title='bbox 954 1063 1035 1121; x_wconf 91' lang='lat' dir='ltr'><strong>dictu</strong></span> <span class='ocrx_word' id='word_1_36' title='bbox 1050 1066 1073 1145; x_wconf 85' lang='lat' dir='ltr'><strong>l)</strong></span> 
     </span>
     <span class='ocr_line' id='line_1_7' title="bbox 342 1157 983 1238; baseline -0.003 -20"><span class='ocrx_word' id='word_1_37' title='bbox 342 1157 515 1219; x_wconf 87' lang='lat' dir='ltr'><strong>Truditure</strong></span> <span class='ocrx_word' id='word_1_38' title='bbox 533 1161 615 1218; x_wconf 89' lang='lat' dir='ltr'><strong>sicco</strong></span> <span class='ocrx_word' id='word_1_39' title='bbox 628 1160 711 1218; x_wconf 84' lang='lat' dir='ltr'><strong>radix</strong></span> <span class='ocrx_word' id='word_1_40' title='bbox 726 1160 866 1238; x_wconf 86' lang='lat' dir='ltr'><strong>oleagina</strong></span> <span class='ocrx_word' id='word_1_41' title='bbox 878 1160 959 1236; x_wconf 89' lang='lat' dir='ltr'><strong>ligno</strong></span> <span class='ocrx_word' id='word_1_42' title='bbox 976 1177 983 1216; x_wconf 90' lang='lat'>:</span> 
     </span>
     <span class='ocr_line' id='line_1_8' title="bbox 340 1252 1013 1330; baseline -0.004 -17"><span class='ocrx_word' id='word_1_43' title='bbox 340 1252 382 1313; x_wconf 84' lang='lat' dir='ltr'><strong>Et</strong></span> <span class='ocrx_word' id='word_1_44' title='bbox 400 1252 479 1330; x_wconf 75' lang='lat' dir='ltr'><strong>saepe</strong></span> <span class='ocrx_word' id='word_1_45' title='bbox 494 1252 618 1311; x_wconf 79' lang='lat' dir='ltr'><strong>alterius</strong></span> <span class='ocrx_word' id='word_1_46' title='bbox 632 1273 731 1311; x_wconf 85' lang='lat' dir='ltr'><strong>ramos</strong></span> <span class='ocrx_word' id='word_1_47' title='bbox 745 1253 864 1329; x_wconf 76' lang='lat' dir='ltr'><strong>impune</strong></span> <span class='ocrx_word' id='word_1_48' title='bbox 879 1253 1013 1310; x_wconf 87' lang='lat' dir='ltr'><strong>videmus</strong></span> 
     </span>
     <span class='ocr_line' id='line_1_9' title="bbox 341 1343 1099 1421; baseline -0.003 -18"><span class='ocrx_word' id='word_1_49' title='bbox 341 1343 469 1404; x_wconf 85' lang='lat' dir='ltr'><strong>Vertere</strong></span> <span class='ocrx_word' id='word_1_50' title='bbox 487 1346 516 1404; x_wconf 94' lang='lat' dir='ltr'><strong>in</strong></span> <span class='ocrx_word' id='word_1_51' title='bbox 530 1346 652 1404; x_wconf 87' lang='lat' dir='ltr'><strong>alterius</strong></span> <span class='ocrx_word' id='word_1_52' title='bbox 668 1367 676 1416; x_wconf 89' lang='lat'>;</span> <span class='ocrx_word' id='word_1_53' title='bbox 700 1356 904 1421; x_wconf 85' lang='lat' dir='ltr'><strong>mutatamque</strong></span> <span class='ocrx_word' id='word_1_54' title='bbox 918 1345 1006 1402; x_wconf 87' lang='lat' dir='ltr'><strong>insita</strong></span> <span class='ocrx_word' id='word_1_55' title='bbox 1020 1345 1099 1402; x_wconf 89' lang='lat' dir='ltr'><strong>mala</strong></span> 
     </span>
     <span class='ocr_line' id='line_1_10' title="bbox 340 1436 1159 1516; baseline -0.002 -18"><span class='ocrx_word' id='word_1_56' title='bbox 340 1436 436 1498; x_wconf 85' lang='lat' dir='ltr'><strong>Ferre</strong></span> <span class='ocrx_word' id='word_1_57' title='bbox 450 1438 556 1516; x_wconf 86' lang='lat' dir='ltr'><strong>pirum,</strong></span> <span class='ocrx_word' id='word_1_58' title='bbox 572 1447 602 1498; x_wconf 89' lang='lat' dir='ltr'><strong>et</strong></span> <span class='ocrx_word' id='word_1_59' title='bbox 616 1440 718 1516; x_wconf 91' lang='lat' dir='ltr'><strong>prunis</strong></span> <span class='ocrx_word' id='word_1_60' title='bbox 733 1438 868 1515; x_wconf 88' lang='lat' dir='ltr'><strong>lapidosa</strong></span> <span class='ocrx_word' id='word_1_61' title='bbox 881 1439 1043 1495; x_wconf 84' lang='lat' dir='ltr'><strong>rubescere</strong></span> <span class='ocrx_word' id='word_1_62' title='bbox 1056 1457 1159 1496; x_wconf 90' lang='lat' dir='ltr'><strong>corna.</strong></span> 
     </span>
     <span class='ocr_line' id='line_1_11' title="bbox 382 1531 1206 1610; baseline 0.001 -22"><span class='ocrx_word' id='word_1_63' title='bbox 382 1531 487 1599; x_wconf 80' lang='lat' dir='ltr'><strong>Quare</strong></span> <span class='ocrx_word' id='word_1_64' title='bbox 502 1532 592 1610; x_wconf 88' lang='lat' dir='ltr'><strong>agite,</strong></span> <span class='ocrx_word' id='word_1_65' title='bbox 608 1553 636 1602; x_wconf 91' lang='lat' dir='ltr'><strong>o,</strong></span> <span class='ocrx_word' id='word_1_66' title='bbox 653 1532 787 1609; x_wconf 87' lang='lat' dir='ltr'><strong>proprios</strong></span> <span class='ocrx_word' id='word_1_67' title='bbox 800 1531 965 1608; x_wconf 77' lang='lat' dir='ltr'><strong>generatim</strong></span> <span class='ocrx_word' id='word_1_68' title='bbox 979 1531 1084 1588; x_wconf 86' lang='lat' dir='ltr'><strong>discite</strong></span> <span class='ocrx_word' id='word_1_69' title='bbox 1098 1532 1206 1603; x_wconf 80' lang='lat' dir='ltr'><strong>cultus,</strong></span> 
     </span>
     <span class='ocr_line' id='line_1_12' title="bbox 307 1624 1077 1702; baseline -0.006 -16"><span class='ocrx_word' id='word_1_70' title='bbox 307 1677 316 1686; x_wconf 92' lang='lat'>.</span> <span class='ocrx_word' id='word_1_71' title='bbox 340 1624 503 1702; x_wconf 71' lang='lat' dir='ltr'><strong>Agricolae,</strong></span> <span class='ocrx_word' id='word_1_72' title='bbox 520 1625 694 1700; x_wconf 87' lang='lat' dir='ltr'><strong>fructusque</strong></span> <span class='ocrx_word' id='word_1_73' title='bbox 709 1625 789 1682; x_wconf 82' lang='lat' dir='ltr'><strong>feros</strong></span> <span class='ocrx_word' id='word_1_74' title='bbox 803 1625 913 1682; x_wconf 91' lang='lat' dir='ltr'><strong>mollite</strong></span> <span class='ocrx_word' id='word_1_75' title='bbox 927 1624 1053 1682; x_wconf 88' lang='lat' dir='ltr'><strong>colendo</strong></span> <span class='ocrx_word' id='word_1_76' title='bbox 1069 1643 1077 1693; x_wconf 80' lang='lat'><em>3</em></span> 
     </span>
     <span class='ocr_line' id='line_1_13' title="bbox 341 1716 1188 1795; baseline -0.004 -18"><span class='ocrx_word' id='word_1_77' title='bbox 341 1717 411 1777; x_wconf 87' lang='lat' dir='ltr'><strong>Neu</strong></span> <span class='ocrx_word' id='word_1_78' title='bbox 427 1736 535 1795; x_wconf 79' lang='lat' dir='ltr'>segnes</span> <span class='ocrx_word' id='word_1_79' title='bbox 552 1716 675 1794; x_wconf 85' lang='lat' dir='ltr'><strong>jaccant</strong></span> <span class='ocrx_word' id='word_1_80' title='bbox 689 1727 787 1776; x_wconf 76' lang='lat' dir='ltr'><strong>terrm.</strong></span> <span class='ocrx_word' id='word_1_81' title='bbox 828 1716 921 1774; x_wconf 80' lang='lat' dir='ltr'><strong>Juvat</strong></span> <span class='ocrx_word' id='word_1_82' title='bbox 935 1716 1052 1775; x_wconf 85' lang='lat' dir='ltr'><strong>Ismara</strong></span> <span class='ocrx_word' id='word_1_83' title='bbox 1065 1717 1188 1774; x_wconf 90' lang='lat' dir='ltr'><strong>Baccho</strong></span> 
     </span>
     <span class='ocr_line' id='line_1_14' title="bbox 342 1809 1186 1888; baseline -0.005 -16"><span class='ocrx_word' id='word_1_84' title='bbox 342 1809 523 1882; x_wconf 73' lang='lat' dir='ltr'><strong>Censorem,</strong></span> <span class='ocrx_word' id='word_1_85' title='bbox 540 1821 629 1888; x_wconf 86' lang='lat' dir='ltr'><strong>atque</strong></span> <span class='ocrx_word' id='word_1_86' title='bbox 644 1809 712 1870; x_wconf 75' lang='lat' dir='ltr'><strong>cled</strong></span> <span class='ocrx_word' id='word_1_87' title='bbox 725 1830 865 1888; x_wconf 87' lang='lat' dir='ltr'><strong>magnum</strong></span> <span class='ocrx_word' id='word_1_88' title='bbox 878 1810 988 1869; x_wconf 83' lang='lat' dir='ltr'><strong>vestire</strong></span> <span class='ocrx_word' id='word_1_89' title='bbox 1001 1810 1186 1868; x_wconf 85' lang='lat' dir='ltr'><strong>Taburnum.</strong></span> 
     </span>
     <span class='ocr_line' id='line_1_15' title="bbox 380 1901 1186 1982; baseline -0.002 -20"><span class='ocrx_word' id='word_1_90' title='bbox 380 1905 489 1981; x_wconf 83' lang='lat' dir='ltr'><strong>Tuque</strong></span> <span class='ocrx_word' id='word_1_91' title='bbox 504 1905 587 1975; x_wconf 86' lang='lat' dir='ltr'><strong>ades,</strong></span> <span class='ocrx_word' id='word_1_92' title='bbox 603 1904 813 1982; x_wconf 89' lang='lat' dir='ltr'><strong>inceptumque</strong></span> <span class='ocrx_word' id='word_1_93' title='bbox 827 1901 889 1961; x_wconf 75' lang='lat' dir='ltr'><strong>unii</strong></span> <span class='ocrx_word' id='word_1_94' title='bbox 901 1903 1028 1961; x_wconf 89' lang='lat' dir='ltr'><strong>decurre</strong></span> <span class='ocrx_word' id='word_1_95' title='bbox 1043 1902 1186 1973; x_wconf 87' lang='lat' dir='ltr'><strong>laborem,</strong></span> 
     </span>
     <span class='ocr_line' id='line_1_16' title="bbox 342 1996 1101 2074; baseline -0.004 -17"><span class='ocrx_word' id='word_1_96' title='bbox 342 1996 488 2070; x_wconf 88' lang='lat' dir='ltr'><strong>Odecus,</strong></span> <span class='ocrx_word' id='word_1_97' title='bbox 504 2017 522 2054; x_wconf 91' lang='grc' dir='ltr'>ο</span> <span class='ocrx_word' id='word_1_98' title='bbox 536 1997 621 2056; x_wconf 80' lang='lat' dir='ltr'><strong>famae</strong></span> <span class='ocrx_word' id='word_1_99' title='bbox 635 1997 740 2056; x_wconf 88' lang='lat' dir='ltr'><strong>meritd</strong></span> <span class='ocrx_word' id='word_1_100' title='bbox 755 2017 825 2074; x_wconf 89' lang='lat' dir='ltr'><strong>pars</strong></span> <span class='ocrx_word' id='word_1_101' title='bbox 839 1997 967 2054; x_wconf 85' lang='lat' dir='ltr'><strong>maxima</strong></span> <span class='ocrx_word' id='word_1_102' title='bbox 981 2005 1101 2067; x_wconf 77' lang='lat' dir='ltr'><strong>nostre,</strong></span> 
     </span>
     <span class='ocr_line' id='line_1_17' title="bbox 341 2089 1077 2169; baseline -0.001 -20"><span class='ocrx_word' id='word_1_103' title='bbox 341 2089 506 2164; x_wconf 78' lang='lat' dir='ltr'><strong>Maecenas,</strong></span> <span class='ocrx_word' id='word_1_104' title='bbox 523 2091 690 2169; x_wconf 89' lang='lat' dir='ltr'><strong>pelagoque</strong></span> <span class='ocrx_word' id='word_1_105' title='bbox 705 2091 809 2148; x_wconf 87' lang='lat' dir='ltr'><strong>volans</strong></span> <span class='ocrx_word' id='word_1_106' title='bbox 823 2090 863 2148; x_wconf 89' lang='lat' dir='ltr'><strong>da</strong></span> <span class='ocrx_word' id='word_1_107' title='bbox 874 2091 942 2148; x_wconf 88' lang='lat' dir='ltr'><strong>vela</strong></span> <span class='ocrx_word' id='word_1_108' title='bbox 957 2089 1077 2167; x_wconf 88' lang='lat' dir='ltr'><strong>patenti.</strong></span> 
     </span>
     <span class='ocr_line' id='line_1_18' title="bbox 341 2183 1104 2263; baseline -0.003 -21"><span class='ocrx_word' id='word_1_109' title='bbox 341 2183 372 2243; x_wconf 88' lang='lat' dir='ltr'>N</span> <span class='ocrx_word' id='word_1_110' title='bbox 374 2203 412 2242; x_wconf 91' lang='lat' dir='ltr'><strong>on</strong></span> <span class='ocrx_word' id='word_1_111' title='bbox 426 2203 483 2263; x_wconf 89' lang='lat' dir='ltr'><strong>ego</strong></span> <span class='ocrx_word' id='word_1_112' title='bbox 497 2196 608 2243; x_wconf 88' lang='lat' dir='ltr'><strong>cuncta</strong></span> <span class='ocrx_word' id='word_1_113' title='bbox 621 2183 695 2242; x_wconf 88' lang='lat' dir='ltr'><strong>meis</strong></span> <span class='ocrx_word' id='word_1_114' title='bbox 709 2183 848 2262; x_wconf 87' lang='lat' dir='ltr'><strong>amplecti</strong></span> <span class='ocrx_word' id='word_1_115' title='bbox 861 2184 997 2242; x_wconf 88' lang='lat' dir='ltr'><strong>versibus</strong></span> <span class='ocrx_word' id='word_1_116' title='bbox 1011 2190 1079 2259; x_wconf 93' lang='lat' dir='ltr'><strong>opto</strong></span> <span class='ocrx_word' id='word_1_117' title='bbox 1096 2200 1104 2251; x_wconf 87' lang='grc'><strong>;</strong></span> 
     </span>
     <span class='ocr_line' id='line_1_19' title="bbox 342 2275 1166 2354; baseline -0.005 -18"><span class='ocrx_word' id='word_1_118' title='bbox 342 2275 422 2348; x_wconf 85' lang='lat' dir='ltr'><strong>Non,</strong></span> <span class='ocrx_word' id='word_1_119' title='bbox 439 2277 509 2353; x_wconf 82' lang='lat' dir='ltr'><strong>inibi</strong></span> <span class='ocrx_word' id='word_1_120' title='bbox 523 2277 550 2336; x_wconf 86' lang='lat' dir='ltr'><strong>si</strong></span> <span class='ocrx_word' id='word_1_121' title='bbox 566 2277 675 2354; x_wconf 71' lang='lat' dir='ltr'><strong>lingum</strong></span> <span class='ocrx_word' id='word_1_122' title='bbox 690 2285 809 2336; x_wconf 86' lang='lat' dir='ltr'><strong>centum</strong></span> <span class='ocrx_word' id='word_1_123' title='bbox 823 2277 892 2347; x_wconf 88' lang='lat' dir='ltr'><strong>sint,</strong></span> <span class='ocrx_word' id='word_1_124' title='bbox 908 2295 1021 2352; x_wconf 89' lang='lat' dir='ltr'><strong>oraque</strong></span> <span class='ocrx_word' id='word_1_125' title='bbox 1035 2284 1166 2347; x_wconf 87' lang='lat' dir='ltr'><strong>centum,</strong></span> 
     </span>
     <span class='ocr_line' id='line_1_20' title="bbox 341 2369 1111 2448; baseline -0.001 -20"><span class='ocrx_word' id='word_1_126' title='bbox 341 2369 458 2428; x_wconf 78' lang='lat' dir='ltr'><strong>Ferrea</strong></span> <span class='ocrx_word' id='word_1_127' title='bbox 471 2389 528 2428; x_wconf 80' lang='lat' dir='ltr'><strong>vox</strong></span> <span class='ocrx_word' id='word_1_128' title='bbox 543 2389 550 2426; x_wconf 75' lang='grc' dir='ltr'><strong>ι</strong></span> <span class='ocrx_word' id='word_1_129' title='bbox 574 2369 657 2441; x_wconf 85' lang='lat' dir='ltr'><strong>ades,</strong></span> <span class='ocrx_word' id='word_1_130' title='bbox 674 2377 703 2428; x_wconf 92' lang='lat' dir='ltr'><strong>et</strong></span> <span class='ocrx_word' id='word_1_131' title='bbox 718 2371 804 2448; x_wconf 88' lang='lat' dir='ltr'><strong>primi</strong></span> <span class='ocrx_word' id='word_1_132' title='bbox 817 2370 885 2448; x_wconf 87' lang='lat' dir='ltr'><strong>legs</strong></span> <span class='ocrx_word' id='word_1_133' title='bbox 899 2369 1005 2427; x_wconf 83' lang='lat' dir='ltr'><strong>littoris</strong></span> <span class='ocrx_word' id='word_1_134' title='bbox 1018 2388 1111 2427; x_wconf 85' lang='lat' dir='ltr'><strong>oram.</strong></span> 
     </span>
     <span class='ocr_line' id='line_1_21' title="bbox 342 2446 1241 2532; baseline -0.002 -11"><span class='ocrx_word' id='word_1_135' title='bbox 342 2461 379 2522; x_wconf 91' lang='lat' dir='ltr'><strong>In</strong></span> <span class='ocrx_word' id='word_1_136' title='bbox 393 2462 530 2521; x_wconf 87' lang='lat' dir='ltr'><strong>manibus</strong></span> <span class='ocrx_word' id='word_1_137' title='bbox 541 2472 630 2521; x_wconf 82' lang='lat' dir='ltr'><strong>terrae</strong></span> <span class='ocrx_word' id='word_1_138' title='bbox 644 2481 651 2519; x_wconf 91' lang='lat'>:</span> <span class='ocrx_word' id='word_1_139' title='bbox 673 2482 732 2521; x_wconf 90' lang='lat' dir='ltr'><strong>uon</strong></span> <span class='ocrx_word' id='word_1_140' title='bbox 747 2461 796 2520; x_wconf 91' lang='lat' dir='ltr'><strong>bic</strong></span> <span class='ocrx_word' id='word_1_141' title='bbox 810 2471 840 2522; x_wconf 87' lang='lat' dir='ltr'><strong>te</strong></span> <span class='ocrx_word' id='word_1_142' title='bbox 854 2461 986 2520; x_wconf 89' lang='lat' dir='ltr'><strong>carmina</strong></span> <span class='ocrx_word' id='word_1_143' title='bbox 1000 2462 1081 2532; x_wconf 82' lang='lat' dir='ltr'><strong>licto,</strong></span> <span class='ocrx_word' id='word_1_144' title='bbox 1235 2446 1241 2455; x_wconf 55' lang='grc'><em>’</em></span> 
     </span>
     <span class='ocr_line' id='line_1_22' title="bbox 342 2553 1081 2634; baseline 0 -20"><span class='ocrx_word' id='word_1_145' title='bbox 342 2553 443 2632; x_wconf 84' lang='lat' dir='ltr'><strong>Atque</strong></span> <span class='ocrx_word' id='word_1_146' title='bbox 457 2575 511 2633; x_wconf 85' lang='lat' dir='ltr'><strong>per</strong></span> <span class='ocrx_word' id='word_1_147' title='bbox 525 2557 669 2634; x_wconf 81' lang='lat' dir='ltr'><strong>ambages</strong></span> <span class='ocrx_word' id='word_1_148' title='bbox 682 2565 711 2613; x_wconf 91' lang='lat' dir='ltr'><strong>et</strong></span> <span class='ocrx_word' id='word_1_149' title='bbox 726 2557 816 2633; x_wconf 88' lang='lat' dir='ltr'><strong>longa</strong></span> <span class='ocrx_word' id='word_1_150' title='bbox 829 2574 947 2625; x_wconf 85' lang='lat' dir='ltr'><strong>exorsa,</strong></span> <span class='ocrx_word' id='word_1_151' title='bbox 961 2556 1081 2614; x_wconf 88' lang='lat' dir='ltr'><strong>tenebo.</strong></span> 
     </span>
     <span class='ocr_line' id='line_1_23' title="bbox 382 2645 1099 2724; baseline 0 -18"><span class='ocrx_word' id='word_1_152' title='bbox 382 2648 491 2724; x_wconf 86' lang='lat' dir='ltr'><strong>Sponte</strong></span> <span class='ocrx_word' id='word_1_153' title='bbox 505 2645 562 2706; x_wconf 74' lang='lat' dir='ltr'><strong>sub</strong></span> <span class='ocrx_word' id='word_1_154' title='bbox 576 2667 642 2724; x_wconf 80' lang='lat' dir='ltr'><strong>quae</strong></span> <span class='ocrx_word' id='word_1_155' title='bbox 656 2667 688 2705; x_wconf 88' lang='lat' dir='ltr'><strong>sc</strong></span> <span class='ocrx_word' id='word_1_156' title='bbox 703 2649 808 2706; x_wconf 89' lang='lat' dir='ltr'><strong>tollunt</strong></span> <span class='ocrx_word' id='word_1_157' title='bbox 821 2649 852 2707; x_wconf 92' lang='lat' dir='ltr'><strong>in</strong></span> <span class='ocrx_word' id='word_1_158' title='bbox 866 2647 984 2706; x_wconf 88' lang='lat' dir='ltr'><strong>luminis</strong></span> <span class='ocrx_word' id='word_1_159' title='bbox 999 2666 1099 2720; x_wconf 87' lang='lat' dir='ltr'><strong>auras,</strong></span> 
     </span>
     <span class='ocr_line' id='line_1_24' title="bbox 342 2739 1128 2818; baseline -0.001 -19"><span class='ocrx_word' id='word_1_160' title='bbox 342 2739 520 2800; x_wconf 85' lang='lat' dir='ltr'><strong>Inlmcunds</strong></span> <span class='ocrx_word' id='word_1_161' title='bbox 534 2740 663 2816; x_wconf 89' lang='lat' dir='ltr'><strong>quidem,</strong></span> <span class='ocrx_word' id='word_1_162' title='bbox 679 2739 732 2798; x_wconf 83' lang='lat' dir='ltr'><strong>sed</strong></span> <span class='ocrx_word' id='word_1_163' title='bbox 752 2740 822 2798; x_wconf 79' lang='lat' dir='ltr'><strong>laeta</strong></span> <span class='ocrx_word' id='word_1_164' title='bbox 835 2748 864 2796; x_wconf 90' lang='lat' dir='ltr'><strong>et</strong></span> <span class='ocrx_word' id='word_1_165' title='bbox 878 2741 967 2798; x_wconf 83' lang='lat' dir='ltr'><strong>sortia</strong></span> <span class='ocrx_word' id='word_1_166' title='bbox 980 2749 1106 2818; x_wconf 84' lang='lat' dir='ltr'><strong>surgunt</strong></span> <span class='ocrx_word' id='word_1_167' title='bbox 1120 2759 1128 2797; x_wconf 91' lang='lat'><strong>:</strong></span> 
     </span>
     <span class='ocr_line' id='line_1_25' title="bbox 343 2831 1277 2911; baseline 0 -19"><span class='ocrx_word' id='word_1_168' title='bbox 343 2831 461 2910; x_wconf 76' lang='lat' dir='ltr'><strong>Quippe</strong></span> <span class='ocrx_word' id='word_1_169' title='bbox 475 2833 539 2890; x_wconf 92' lang='lat' dir='ltr'><strong>solo</strong></span> <span class='ocrx_word' id='word_1_170' title='bbox 553 2839 660 2890; x_wconf 86' lang='lat' dir='ltr'><strong>natura</strong></span> <span class='ocrx_word' id='word_1_171' title='bbox 674 2834 786 2892; x_wconf 85' lang='lat' dir='ltr'><strong>subest.</strong></span> <span class='ocrx_word' id='word_1_172' title='bbox 827 2833 944 2890; x_wconf 85' lang='lat' dir='ltr'><strong>Tamen</strong></span> <span class='ocrx_word' id='word_1_173' title='bbox 958 2833 1023 2891; x_wconf 79' lang='lat' dir='ltr'><strong>baec</strong></span> <span class='ocrx_word' id='word_1_174' title='bbox 1038 2852 1156 2911; x_wconf 91' lang='lat' dir='ltr'><strong>quoque</strong></span> <span class='ocrx_word' id='word_1_175' title='bbox 1169 2833 1196 2891; x_wconf 87' lang='lat' dir='ltr'><strong>si</strong></span> <span class='ocrx_word' id='word_1_176' title='bbox 1209 2834 1277 2910; x_wconf 88' lang='lat' dir='ltr'><strong>quis</strong></span> 
     </span>
     <span class='ocr_line' id='line_1_26' title="bbox 342 2923 1327 2998; baseline 0 -12"><span class='ocrx_word' id='word_1_177' title='bbox 342 2923 470 2998; x_wconf 84' lang='lat' dir='ltr'><strong>inserat,</strong></span> <span class='ocrx_word' id='word_1_178' title='bbox 487 2934 538 2984; x_wconf 90' lang='lat' dir='ltr'><strong>aut</strong></span> <span class='ocrx_word' id='word_1_179' title='bbox 551 2927 707 2984; x_wconf 83' lang='lat' dir='ltr'><strong>scrobibus</strong></span> <span class='ocrx_word' id='word_1_180' title='bbox 722 2927 841 2984; x_wconf 91' lang='lat' dir='ltr'><strong>mandet</strong></span> <span class='ocrx_word' id='word_1_181' title='bbox 857 2933 971 2984; x_wconf 85' lang='lat' dir='ltr'><strong>mutata</strong></span> <span class='ocrx_word' id='word_1_182' title='bbox 984 2927 1127 2998; x_wconf 84' lang='lat' dir='ltr'><strong>subactis,</strong></span> <span class='ocrx_word' id='word_1_183' title='bbox 1285 2927 1327 2986; x_wconf 82' lang='grc'><strong>60</strong></span> 
     </span>
     <span class='ocr_line' id='line_1_27' title="bbox 340 3018 1143 3095; baseline 0 -17"><span class='ocrx_word' id='word_1_184' title='bbox 340 3019 488 3078; x_wconf 85' lang='lat' dir='ltr'><strong>Exuerint</strong></span> <span class='ocrx_word' id='word_1_185' title='bbox 502 3019 667 3077; x_wconf 85' lang='lat' dir='ltr'><strong>silvestrem</strong></span> <span class='ocrx_word' id='word_1_186' title='bbox 682 3019 821 3090; x_wconf 88' lang='lat' dir='ltr'><strong>animum,</strong></span> <span class='ocrx_word' id='word_1_187' title='bbox 837 3019 979 3093; x_wconf 90' lang='lat' dir='ltr'><strong>cultuque</strong></span> <span class='ocrx_word' id='word_1_188' title='bbox 993 3018 1143 3095; x_wconf 80' lang='lat' dir='ltr'><strong>frequenti</strong></span> 
     </span>
     <span class='ocr_line' id='line_1_28' title="bbox 342 3111 1179 3190; baseline 0 -19"><span class='ocrx_word' id='word_1_189' title='bbox 342 3112 379 3171; x_wconf 91' lang='lat' dir='ltr'><strong>ln</strong></span> <span class='ocrx_word' id='word_1_190' title='bbox 392 3131 595 3190; x_wconf 89' lang='lat' dir='ltr'><strong>quascumque</strong></span> <span class='ocrx_word' id='word_1_191' title='bbox 610 3131 701 3170; x_wconf 91' lang='lat' dir='ltr'><strong>voces</strong></span> <span class='ocrx_word' id='word_1_192' title='bbox 714 3121 795 3170; x_wconf 84' lang='lat' dir='ltr'><strong>artes</strong></span> <span class='ocrx_word' id='word_1_193' title='bbox 807 3111 888 3170; x_wconf 88' lang='lat' dir='ltr'><strong>haud</strong></span> <span class='ocrx_word' id='word_1_194' title='bbox 905 3111 993 3170; x_wconf 84' lang='lat' dir='ltr'><strong>tarda</strong></span> <span class='ocrx_word' id='word_1_195' title='bbox 1006 3121 1179 3188; x_wconf 88' lang='lat' dir='ltr'><strong>aequentur.</strong></span> 
     </span>
     <span class='ocr_line' id='line_1_29' title="bbox 341 3209 1115 3287; baseline -0.001 -18"><span class='ocrx_word' id='word_1_196' title='bbox 341 3209 371 3269; x_wconf 87' lang='lat' dir='ltr'>N</span> <span class='ocrx_word' id='word_1_197' title='bbox 374 3228 410 3268; x_wconf 91' lang='lat' dir='ltr'><strong>ec</strong></span> <span class='ocrx_word' id='word_1_198' title='bbox 424 3229 483 3268; x_wconf 90' lang='lat' dir='ltr'><strong>non</strong></span> <span class='ocrx_word' id='word_1_199' title='bbox 497 3216 526 3268; x_wconf 90' lang='lat' dir='ltr'><strong>et</strong></span> <span class='ocrx_word' id='word_1_200' title='bbox 541 3209 660 3283; x_wconf 86' lang='lat' dir='ltr'><strong>sterilis,</strong></span> <span class='ocrx_word' id='word_1_201' title='bbox 678 3229 744 3286; x_wconf 74' lang='lat' dir='ltr'><strong>que</strong></span> <span class='ocrx_word' id='word_1_202' title='bbox 759 3210 900 3287; x_wconf 84' lang='lat' dir='ltr'><strong>stirpibus</strong></span> <span class='ocrx_word' id='word_1_203' title='bbox 911 3210 973 3268; x_wconf 86' lang='lat' dir='ltr'><strong>exit</strong></span> <span class='ocrx_word' id='word_1_204' title='bbox 986 3211 1024 3268; x_wconf 88' lang='lat' dir='ltr'><strong>ab</strong></span> <span class='ocrx_word' id='word_1_205' title='bbox 1039 3209 1115 3281; x_wconf 86' lang='lat' dir='ltr'><strong>imis,</strong></span> 
     </span>
     <span class='ocr_line' id='line_1_30' title="bbox 341 3301 1061 3382; baseline -0.004 -21"><span class='ocrx_word' id='word_1_206' title='bbox 341 3301 413 3362; x_wconf 90' lang='lat' dir='ltr'><strong>Hoc</strong></span> <span class='ocrx_word' id='word_1_207' title='bbox 424 3302 524 3373; x_wconf 79' lang='lat' dir='ltr'><strong>saciet,</strong></span> <span class='ocrx_word' id='word_1_208' title='bbox 540 3321 651 3361; x_wconf 86' lang='lat' dir='ltr'><strong>vacuos</strong></span> <span class='ocrx_word' id='word_1_209' title='bbox 665 3304 690 3360; x_wconf 88' lang='lat' dir='ltr'><strong>si</strong></span> <span class='ocrx_word' id='word_1_210' title='bbox 704 3303 741 3361; x_wconf 88' lang='lat' dir='ltr'><strong>sit</strong></span> <span class='ocrx_word' id='word_1_211' title='bbox 755 3303 872 3382; x_wconf 85' lang='lat' dir='ltr'><strong>digesta</strong></span> <span class='ocrx_word' id='word_1_212' title='bbox 885 3323 939 3381; x_wconf 89' lang='lat' dir='ltr'><strong>per</strong></span> <span class='ocrx_word' id='word_1_213' title='bbox 952 3321 1061 3380; x_wconf 86' lang='lat' dir='ltr'><strong>agros:</strong></span> 
     </span>
     <span class='ocr_line' id='line_1_31' title="bbox 341 3393 1326 3473; baseline 0 -19"><span class='ocrx_word' id='word_1_214' title='bbox 341 3393 371 3454; x_wconf 85' lang='lat' dir='ltr'>N</span> <span class='ocrx_word' id='word_1_215' title='bbox 373 3415 430 3454; x_wconf 90' lang='lat' dir='ltr'><strong>unc</strong></span> <span class='ocrx_word' id='word_1_216' title='bbox 445 3396 512 3454; x_wconf 80' lang='lat' dir='ltr'><strong>altre</strong></span> <span class='ocrx_word' id='word_1_217' title='bbox 527 3395 647 3454; x_wconf 87' lang='lat' dir='ltr'><strong>frondes</strong></span> <span class='ocrx_word' id='word_1_218' title='bbox 661 3405 690 3454; x_wconf 86' lang='lat' dir='ltr'><strong>et</strong></span> <span class='ocrx_word' id='word_1_219' title='bbox 706 3397 782 3455; x_wconf 86' lang='lat' dir='ltr'><strong>rami</strong></span> <span class='ocrx_word' id='word_1_220' title='bbox 794 3397 898 3455; x_wconf 87' lang='lat' dir='ltr'><strong>matris</strong></span> <span class='ocrx_word' id='word_1_221' title='bbox 911 3404 1049 3473; x_wconf 88' lang='lat' dir='ltr'><strong>opacant,</strong></span> <span class='ocrx_word' id='word_1_222' title='bbox 1285 3397 1326 3454; x_wconf 78' lang='lat'><strong>65</strong></span> 
     </span>
     <span class='ocr_line' id='line_1_32' title="bbox 334 3487 1151 3566; baseline -0.002 -16"><span class='ocrx_word' id='word_1_223' title='bbox 334 3487 560 3566; x_wconf 50' lang='lat' dir='ltr'><strong>,crescentique</strong></span> <span class='ocrx_word' id='word_1_224' title='bbox 576 3489 706 3548; x_wconf 89' lang='lat' dir='ltr'><strong>adimunt</strong></span> <span class='ocrx_word' id='word_1_225' title='bbox 720 3489 820 3560; x_wconf 85' lang='lat' dir='ltr'><strong>soetus,</strong></span> <span class='ocrx_word' id='word_1_226' title='bbox 834 3498 983 3565; x_wconf 90' lang='lat' dir='ltr'><strong>uruntque</strong></span> <span class='ocrx_word' id='word_1_227' title='bbox 997 3489 1151 3548; x_wconf 86' lang='lat' dir='ltr'><strong>ferentem.</strong></span> 
     </span>
     <span class='ocr_line' id='line_1_33' title="bbox 379 3581 1093 3658; baseline -0.003 -17"><span class='ocrx_word' id='word_1_228' title='bbox 379 3581 448 3641; x_wconf 89' lang='lat' dir='ltr'><strong>Jam</strong></span> <span class='ocrx_word' id='word_1_229' title='bbox 462 3599 529 3658; x_wconf 79' lang='lat' dir='ltr'><strong>quae</strong></span> <span class='ocrx_word' id='word_1_230' title='bbox 543 3581 703 3640; x_wconf 90' lang='lat' dir='ltr'><strong>seminibus</strong></span> <span class='ocrx_word' id='word_1_231' title='bbox 721 3582 812 3657; x_wconf 86' lang='lat' dir='ltr'><strong>jactis</strong></span> <span class='ocrx_word' id='word_1_232' title='bbox 824 3601 858 3640; x_wconf 87' lang='lat' dir='ltr'><strong>se</strong></span> <span class='ocrx_word' id='word_1_233' title='bbox 872 3582 989 3640; x_wconf 86' lang='lat' dir='ltr'><strong>sustulit</strong></span> <span class='ocrx_word' id='word_1_234' title='bbox 1003 3582 1093 3640; x_wconf 84' lang='lat' dir='ltr'><strong>arbos</strong></span> 
     </span>
     <span class='ocr_line' id='line_1_34' title="bbox 340 3673 1112 3753; baseline -0.001 -19"><span class='ocrx_word' id='word_1_235' title='bbox 340 3673 444 3734; x_wconf 84' lang='lat' dir='ltr'><strong>Tarda</strong></span> <span class='ocrx_word' id='word_1_236' title='bbox 457 3675 547 3748; x_wconf 89' lang='lat' dir='ltr'><strong>venit,</strong></span> <span class='ocrx_word' id='word_1_237' title='bbox 563 3675 639 3734; x_wconf 86' lang='lat' dir='ltr'><strong>seria</strong></span> <span class='ocrx_word' id='word_1_238' title='bbox 653 3675 769 3734; x_wconf 82' lang='lat' dir='ltr'><strong>lactura</strong></span> <span class='ocrx_word' id='word_1_239' title='bbox 784 3677 942 3753; x_wconf 82' lang='lat' dir='ltr'><strong>nepotibus</strong></span> <span class='ocrx_word' id='word_1_240' title='bbox 954 3677 1088 3734; x_wconf 89' lang='lat' dir='ltr'><strong>umbram</strong></span> <span class='ocrx_word' id='word_1_241' title='bbox 1103 3694 1112 3746; x_wconf 86' lang='lat'>;</span> 
     </span>
     <span class='ocr_line' id='line_1_35' title="bbox 230 3765 1087 3847; baseline 0.002 -21"><span class='ocrx_word' id='word_1_242' title='bbox 230 3771 233 3782; x_wconf 93' lang='lat'>&#39;</span> <span class='ocrx_word' id='word_1_243' title='bbox 340 3765 494 3846; x_wconf 85' lang='lat' dir='ltr'><strong>Pomaque</strong></span> <span class='ocrx_word' id='word_1_244' title='bbox 508 3768 702 3847; x_wconf 86' lang='lat' dir='ltr'><strong>degenerant,</strong></span> <span class='ocrx_word' id='word_1_245' title='bbox 719 3787 828 3828; x_wconf 87' lang='lat' dir='ltr'><strong>succos</strong></span> <span class='ocrx_word' id='word_1_246' title='bbox 841 3769 932 3826; x_wconf 87' lang='lat' dir='ltr'><strong>oblita</strong></span> <span class='ocrx_word' id='word_1_247' title='bbox 949 3769 1062 3846; x_wconf 87' lang='lat' dir='ltr'><strong>priores</strong></span> <span class='ocrx_word' id='word_1_248' title='bbox 1078 3787 1087 3838; x_wconf 83' lang='lat'>3</span> 
     </span>
     <span class='ocr_line' id='line_1_36' title="bbox 340 3857 1326 3941; baseline 0.001 -21"><span class='ocrx_word' id='word_1_249' title='bbox 340 3861 381 3920; x_wconf 76' lang='lat' dir='ltr'><strong>Et</strong></span> <span class='ocrx_word' id='word_1_250' title='bbox 394 3872 507 3939; x_wconf 86' lang='lat' dir='ltr'><strong>turpes,</strong></span> <span class='ocrx_word' id='word_1_251' title='bbox 524 3864 629 3922; x_wconf 85' lang='lat' dir='ltr'><strong>avibus</strong></span> <span class='ocrx_word' id='word_1_252' title='bbox 642 3863 783 3941; x_wconf 70' lang='lat' dir='ltr'><strong>praedam,</strong></span> <span class='ocrx_word' id='word_1_253' title='bbox 800 3862 857 3921; x_wconf 89' lang='lat' dir='ltr'><strong>lert</strong></span> <span class='ocrx_word' id='word_1_254' title='bbox 871 3881 930 3921; x_wconf 89' lang='lat' dir='ltr'><strong>uva</strong></span> <span class='ocrx_word' id='word_1_255' title='bbox 941 3881 1088 3922; x_wconf 86' lang='lat' dir='ltr'><strong>racemos.</strong></span> <span class='ocrx_word' id='word_1_256' title='bbox 1186 3857 1189 3862; x_wconf 70' lang='grc'><strong>’</strong></span> <span class='ocrx_word' id='word_1_257' title='bbox 1285 3864 1326 3921; x_wconf 81' lang='grc'><strong>60</strong></span> 
     </span>
     <span class='ocr_line' id='line_1_37' title="bbox 342 3955 1170 4033; baseline 0.001 -20"><span class='ocrx_word' id='word_1_258' title='bbox 342 3955 462 4013; x_wconf 87' lang='lat' dir='ltr'><strong>Scilicet</strong></span> <span class='ocrx_word' id='word_1_259' title='bbox 476 3956 610 4014; x_wconf 91' lang='lat' dir='ltr'><strong>omnibus</strong></span> <span class='ocrx_word' id='word_1_260' title='bbox 625 3965 670 4015; x_wconf 85' lang='lat' dir='ltr'><strong>est</strong></span> <span class='ocrx_word' id='word_1_261' title='bbox 683 3956 769 4015; x_wconf 89' lang='lat' dir='ltr'><strong>labor</strong></span> <span class='ocrx_word' id='word_1_262' title='bbox 783 3955 1006 4033; x_wconf 86' lang='lat' dir='ltr'><strong>impendendus,</strong></span> <span class='ocrx_word' id='word_1_263' title='bbox 1022 3963 1053 4012; x_wconf 89' lang='lat' dir='ltr'><strong>et</strong></span> <span class='ocrx_word' id='word_1_264' title='bbox 1066 3973 1170 4014; x_wconf 88' lang='lat' dir='ltr'><strong>omnes</strong></span> 
     </span>
     <span class='ocr_line' id='line_1_38' title="bbox 342 4045 1172 4125; baseline 0 -17"><span class='ocrx_word' id='word_1_265' title='bbox 342 4045 495 4125; x_wconf 73' lang='lat' dir='ltr'><strong>Cogendae</strong></span> <span class='ocrx_word' id='word_1_266' title='bbox 509 4049 539 4106; x_wconf 91' lang='lat' dir='ltr'><strong>in</strong></span> <span class='ocrx_word' id='word_1_267' title='bbox 553 4049 678 4122; x_wconf 88' lang='lat' dir='ltr'><strong>sulcum,</strong></span> <span class='ocrx_word' id='word_1_268' title='bbox 695 4069 731 4108; x_wconf 90' lang='lat' dir='ltr'><strong>ac</strong></span> <span class='ocrx_word' id='word_1_269' title='bbox 745 4048 839 4110; x_wconf 68' lang='lat' dir='ltr'><strong>multi</strong></span> <span class='ocrx_word' id='word_1_270' title='bbox 856 4048 994 4108; x_wconf 89' lang='lat' dir='ltr'><strong>mercede</strong></span> <span class='ocrx_word' id='word_1_271' title='bbox 1008 4047 1172 4108; x_wconf 73' lang='lat' dir='ltr'><strong>domandas.</strong></span> 
     </span>
     <span class='ocr_line' id='line_1_39' title="bbox 342 4140 1023 4222; baseline -0.001 -22"><span class='ocrx_word' id='word_1_272' title='bbox 342 4140 400 4200; x_wconf 86' lang='lat' dir='ltr'><strong>Sed</strong></span> <span class='ocrx_word' id='word_1_273' title='bbox 414 4141 528 4199; x_wconf 87' lang='lat' dir='ltr'><strong>truncis</strong></span> <span class='ocrx_word' id='word_1_274' title='bbox 541 4141 615 4199; x_wconf 74' lang='lat' dir='ltr'><strong>oleae</strong></span> <span class='ocrx_word' id='word_1_275' title='bbox 629 4143 743 4214; x_wconf 77' lang='lat' dir='ltr'><strong>melius,</strong></span> <span class='ocrx_word' id='word_1_276' title='bbox 760 4143 923 4222; x_wconf 79' lang='lat' dir='ltr'><strong>propagine</strong></span> <span class='ocrx_word' id='word_1_277' title='bbox 937 4143 1023 4214; x_wconf 88' lang='lat' dir='ltr'><strong>vites,</strong></span> 
     </span>
     <span class='ocr_line' id='line_1_40' title="bbox 340 4232 1110 4313; baseline 0.004 -21"><span class='ocrx_word' id='word_1_278' title='bbox 340 4232 545 4311; x_wconf 85' lang='lat' dir='ltr'><strong>Respondent,</strong></span> <span class='ocrx_word' id='word_1_279' title='bbox 561 4233 654 4293; x_wconf 88' lang='lat' dir='ltr'><strong>solido</strong></span> <span class='ocrx_word' id='word_1_280' title='bbox 667 4234 788 4313; x_wconf 74' lang='lat' dir='ltr'><strong>Paphie</strong></span> <span class='ocrx_word' id='word_1_281' title='bbox 803 4238 839 4295; x_wconf 90' lang='lat' dir='ltr'><strong>de</strong></span> <span class='ocrx_word' id='word_1_282' title='bbox 854 4239 962 4295; x_wconf 89' lang='lat' dir='ltr'><strong>robore</strong></span> <span class='ocrx_word' id='word_1_283' title='bbox 975 4243 1110 4312; x_wconf 83' lang='lat' dir='ltr'><strong>myrtus;</strong></span> 
     </span>
     <span class='ocr_line' id='line_1_41' title="bbox 339 4325 1323 4408; baseline 0.003 -23"><span class='ocrx_word' id='word_1_284' title='bbox 339 4325 454 4386; x_wconf 86' lang='lat' dir='ltr'><strong>Plantis</strong></span> <span class='ocrx_word' id='word_1_285' title='bbox 468 4335 498 4386; x_wconf 90' lang='lat' dir='ltr'><strong>et</strong></span> <span class='ocrx_word' id='word_1_286' title='bbox 510 4326 591 4387; x_wconf 82' lang='lat' dir='ltr'><strong>durae</strong></span> <span class='ocrx_word' id='word_1_287' title='bbox 606 4328 700 4407; x_wconf 82' lang='lat' dir='ltr'><strong>coryli</strong></span> <span class='ocrx_word' id='word_1_288' title='bbox 719 4339 893 4403; x_wconf 75' lang='lat' dir='ltr'><strong>nascrmtur,</strong></span> <span class='ocrx_word' id='word_1_289' title='bbox 909 4341 939 4389; x_wconf 85' lang='lat' dir='ltr'><strong>et</strong></span> <span class='ocrx_word' id='word_1_290' title='bbox 952 4330 1059 4408; x_wconf 85' lang='lat' dir='ltr'><strong>ingens</strong></span> <span class='ocrx_word' id='word_1_291' title='bbox 1282 4328 1323 4388; x_wconf 79' lang='grc'><strong>65</strong></span> 
     </span>
    </p>
   </div>
   <div class='ocr_carea' id='block_1_3' title="bbox 0 0 1592 5234">
    <p class='ocr_par' dir='ltr' id='par_1_3' title="bbox 0 0 1592 5234">
     <span class='ocr_line' id='line_1_42' title="bbox 0 0 1592 5234; baseline 0 0"><span class='ocrx_word' id='word_1_292' title='bbox 0 0 1592 5234; x_wconf 95' lang='lat' dir='ltr'><strong> </strong></span> 
     </span>
    </p>
   </div>
  </div>
 </body>
</html>
