3167 5234
537 563 763 613 snonorcou
781 562 853 612 nra.
869 563 922 610 11-1.
1185 567 1225 626 ῃ

232 702 332 774 Quim
346 703 447 764 multe
461 693 610 782 pecudum
624 713 746 783 petes:
769 723 827 764 nee
840 701 961 782 singula
972 701 1069 761 morbi

232 801 371 879 Corpora
383 799 558 877 corripiunt,
574 800 627 859 sed
641 809 704 860 tota
718 799 823 859 aestiva
835 797 971 877 repenti,

231 895 380 974 Spemque
392 913 578 974 gregemque
590 894 688 966 simul,
701 902 903 970 cunctamque
914 894 952 952 ab
963 889 1079 970 origine
1090 895 1221 969 gentem.

231 987 309 1048 'l'um
322 989 411 1062 sciat,
426 989 526 1050 adrias
538 989 632 1067 Alpes
646 997 676 1047 et
690 990 719 1048 N
721 989 806 1047 orica
819 989 846 1047 si
859 987 927 1065 quis

231 1081 369 1144 castella
382 1083 413 1142 in
426 1081 558 1154 tumulis,
575 1091 604 1140 et
619 1080 741 1160 lapydis
755 1101 830 1140 arva
842 1080 971 1152 Timavi,
1164 1079 1224 1137 475

229 1177 258 1236 N
261 1196 320 1237 une
335 1195 454 1254 quoque
470 1174 536 1254 pdst
549 1185 634 1235 tanto
648 1176 758 1248 videat,
774 1177 955 1251 desertaque
968 1190 1065 1252 regna
1126 1195 1132 1204 ¹

228 1271 397 1343 Pastorum,
414 1277 444 1329 et
457 1269 547 1348 longe
562 1272 657 1330 saltus
671 1271 793 1348 latique
808 1278 960 1329 vacantes.

267 1366 333 1426 Hic
348 1366 497 1444 quondam
511 1367 614 1425 morbo
629 1367 699 1426 ooeli
717 1365 888 1425 miseranda
901 1372 1007 1424 coorta
1019 1372 1066 1424 eat

228 1461 418 1539 Tempestas,
434 1467 556 1536 totoque
572 1461 705 1518 autumni
719 1459 872 1519 incanduit
885 1467 972 1530 mu,

227 1554 269 1614 Et
283 1573 379 1633 genus
392 1571 479 1610 omne
494 1553 562 1612 neci
576 1553 724 1631 pecudum
738 1553 828 1624 dedit,
844 1571 931 1612 omne
946 1551 1078 1611 ferarum
1092 1571 1101 1624 ;
1164 1555 1224 1612 480

229 1646 431 1726 corrupitque
446 1647 542 1720 lacus,
557 1647 661 1706 infecit
675 1647 787 1726 pabula
799 1647 880 1706 tabo.

227 1741 257 1802 N
259 1761 295 1800 eo
307 1741 356 1801 via
370 1740 473 1800 mortis
486 1749 551 1799 erat
565 1739 690 1819 simplex
702 1761 711 1811 ;
735 1741 788 1800 sed
801 1740 854 1800 ubi
868 1740 958 1819 ignea
976 1741 1061 1801 venis

227 1835 374 1896 Omnibus
388 1843 457 1894 acta
470 1835 535 1894 sitis
548 1835 673 1894 miseros
687 1835 853 1901 adduxerat
867 1844 962 1908 artus,

226 1929 347 1988 Rursus
361 1929 533 1988 abundabat
547 1929 656 1989 fluidus
669 1930 778 2006 liquor,
795 1929 956 2006 omniaque
970 1929 1001 1988 in
1016 1947 1061 1992 se.

227 2023 304 2083 Ossa
316 2023 483 2082 minutatim
496 2025 599 2082 morbo
613 2023 746 2104 collapsa
759 2024 908 2084 trahebat.

228 2117 313 2198 Saepe
329 2118 485 2177 inhonore
499 2115 587 2176 deum
600 2117 697 2177 medio
713 2125 796 2178 stans
810 2117 908 2177 hostia
921 2117 960 2176 ad
974 2137 1069 2190 aram,

225 2211 333 2271 Lanea
346 2212 416 2271 dum
429 2209 519 2270 nivei
532 2212 735 2271 circumdatur
749 2212 844 2271 insula
857 2210 941 2284 vius,

226 2305 309 2366 Inter
323 2313 499 2364 cunctantes
513 2305 622 2365 cecidit
636 2305 814 2364 moribunda
826 2306 986 2366 ministros.

226 2405 287 2464 Aut
301 2404 327 2463 si
341 2422 431 2481 quam
444 2404 524 2462 ferro
538 2412 724 2464 mactaverat
738 2403 808 2464 anti
822 2404 977 2475 sacerdos,

226 2497 299 2556 Inde
313 2516 412 2575 neque
425 2497 569 2576 impositis
584 2497 690 2580 ardent
705 2498 812 2556 altaria
825 2497 919 2569 fibris,

225 2591 254 2651 N
256 2611 292 2652 ec
305 2611 451 2670 responsa
464 2599 561 2669 potest
574 2591 730 2651 consultus
743 2590 871 2650 reddere
884 2599 970 2650 vates
984 2609 992 2662 3

224 2687 271 2745 Ac
285 2685 335 2745 vix
348 2685 494 2763 suppositi
506 2685 662 2763 tinguntur
676 2685 826 2764 sanguine
837 2685 937 2758 cultri,

226 2781 407 2855 Summaque
417 2778 522 2856 jejuni
536 2779 620 2838 sanie
634 2779 804 2838 infuscatur
816 2799 919 2839 arena.

224 2871 308 2932 Hine
322 2873 399 2932 laetis
414 2873 496 2932 vituli
511 2873 600 2950 vulgd
616 2873 782 2932 moriuntur
795 2873 825 2932 in
839 2873 951 2945 herbis,

224 2965 264 3025 m
279 2966 384 3024 dulces
398 2966 514 3025 animas
528 2966 616 3044 plena
630 2966 667 3024 ad
682 2967 830 3045 praesepia
842 2968 978 3027 reddunt.

224 3059 307 3118 Hinc
320 3060 450 3119 canibus
462 3059 579 3118 blandis
591 3060 692 3118 rabies
705 3061 786 3119 venit
798 3081 807 3130 ;
829 3071 859 3119 et
872 3062 968 3138 quatit
982 3079 1080 3141 aegros

225 3151 331 3214 Tussis
346 3153 456 3212 anhela
468 3171 550 3225 sues,
566 3173 603 3212 ao
616 3153 753 3212 faucibus
769 3155 852 3234 angit
866 3156 975 3214 obesis.

223 3245 350 3306 Labitur
364 3247 477 3319 infelix,
493 3247 658 3306 studiorum
673 3255 761 3324 atquo
776 3248 930 3308 immemor
942 3250 1056 3322 herbae,

222 3340 329 3400 Victor
343 3359 449 3418 equus,
465 3340 623 3418 fontesque
638 3342 792 3416 avertitur,
808 3352 838 3401 et
853 3342 928 3422 pede
945 3351 1059 3404 terram

224 3433 344 3494 Crebra
357 3434 426 3492 ferit
439 3453 446 3491 :
468 3433 605 3496 demissae
620 3454 710 3494 aures
724 3455 732 3506 ;
756 3436 889 3496 incertus
902 3436 1013 3496 ibidem

224 3528 332 3600 Sudor,
348 3535 377 3586 et
391 3528 441 3586 ille
456 3529 575 3606 quidem
589 3530 740 3590 morituris
754 3530 900 3610 frigidus:
923 3539 988 3590 aret

222 3620 326 3692 Pellis,
342 3628 372 3679 et
386 3621 424 3680 ad
437 3629 550 3682 tactum
563 3624 705 3683 tractanti
719 3624 795 3683 dura
808 3626 930 3685 resistit.

222 3712 304 3774 Haec
318 3722 387 3774 ante
402 3715 525 3774 exitium
539 3717 641 3794 primis
655 3718 726 3776 dant
744 3718 833 3797 signa
846 3718 963 3778 diebus.

223 3809 275 3868 Sin
288 3810 319 3868 in
333 3829 476 3889 processu
491 3811 583 3890 coepit
597 3813 778 3872 crudescere
792 3816 925 3885 morbus,

222 3901 301 3962 'l'um
314 3903 387 3962 verb
403 3905 542 3964 ardentes
556 3907 645 3978 oculi,
663 3915 753 3984 atque
767 3915 914 3966 attractus
928 3908 966 3965 ab
981 3908 1042 3968 alto
1156 3911 1216 3970 505

223 3999 360 4076 Spiritus,
377 4000 525 4060 interdum
538 4003 651 4081 gemitu
665 4003 777 4082 gravis,
793 4003 912 4080 imaque
926 4003 1017 4084 longo

222 4089 280 4150 Ilia
293 4093 424 4172 singultu
437 4095 562 4156 tendunt
579 4115 586 4167 ;
610 4097 632 4155 it
646 4097 769 4156 naribus
783 4105 850 4156 ater

222 4185 362 4264 Sanguis,
379 4195 408 4245 et
422 4190 564 4248 obsessas
578 4190 682 4249 fauces
697 4190 804 4268 premit
818 4210 927 4270 aspera
940 4191 1056 4274 lingua.

220 4276 337 4338 Profuit
350 4280 463 4340 inserto
476 4282 583 4342 latices
597 4283 753 4343 infundere
772 4303 866 4344 cornu

221 4369 350 4434 Lenaeos
363 4393 371 4432 ι
394 4395 433 4434 ea
445 4377 512 4436 visa
525 4377 608 4437 salus
621 4378 817 4440 morientibus
829 4401 899 4442 una.
1152 4387 1213 4444 510

499 4475 516 4528 't
913 4494 929 4536 s
