3167 5234
360 510 420 567 2⁸10
645 502 672 551 Ρ.
693 500 858 549 vinctnn
882 501 1054 551 MAROMS

359 642 400 701 Et
415 642 547 719 Clytium
560 640 715 712 AEoiide'n,
729 649 761 703 ,st
775 642 902 699 amioum
917 641 1051 701 Cretbes
1064 640 1162 701 Musis
1177 660 1187 712 ;

360 734 495 795 Crethea
509 735 664 795 Musarum
679 735 826 804 comitem,
843 736 893 793 cui
906 737 1039 793 carmine
1051 753 1171 811 semper
1289 738 1347 794 't'tb
1442 779 1445 783 -

321 870 331 885 .
358 828 400 887 Et
414 830 536 887 cithsrae
552 828 645 900 cordi,
662 847 861 904 numerosque
875 828 1029 887 intendere
1043 828 1143 885 nervis
1159 846 1168 897 3

361 924 484 1000 Semper
497 940 591 998 equos
606 932 696 998 etque
712 940 796 979 orme
811 918 904 979 virtim
920 939 1096 999 pugnosque
1110 922 1249 982 cenebet.

398 1016 535 1075 Tandem
549 1015 699 1086 ductores,
716 1013 819 1073 sedite
831 1015 915 1073 eaede
929 1033 1060 1084 suorum,

360 1108 550 1169 Conveniunt
564 1108 686 1179 Teucri,
702 1108 879 1167 Mnestheus
894 1127 1025 1184 acerque
1039 1110 1179 1167 Serestus
1191 1127 1201 1179 3

359 1202 561 1279 Psisntesque
576 1201 675 1260 vident
690 1202 799 1273 socios,
815 1201 988 1277 hostemque
1003 1213 1166 1279 receptum.
1286 1204 1345 1261 780

359 1296 399 1355 Et
413 1295 590 1354 Mnestheus
606 1314 613 1351 ι
636 1294 706 1362 Qut
720 1294 827 1352 deinde
840 1294 953 1371 fugem,
970 1294 1029 1370 qud
1043 1295 1163 1353 tenditis
1179 1295 1190 1351 ?
1210 1294 1312 1373 inquit.

360 1389 446 1457 Quos
460 1389 535 1447 elios
549 1408 660 1459 muros,
678 1408 743 1465 quae
754 1387 817 1463 jsm
831 1385 909 1446 nltrd
923 1389 1033 1446 moenie
1047 1388 1162 1447 hebetis
1176 1388 1187 1445 3

359 1480 444 1541 Unus
458 1482 556 1553 homo,
572 1490 601 1539 et
616 1481 733 1551 vestris,
749 1481 873 1552 coires,
890 1481 1020 1557 undique
1034 1490 1137 1558 septus

360 1574 545 1653 Aggeribus,
561 1584 658 1633 tentes
673 1585 790 1652 strages
804 1575 922 1652 impune
938 1596 991 1651 per
1005 1578 1110 1633 urbem

294 1734 301 1751 1
359 1670 495 1731 Ediderit
511 1670 522 1726 i
540 1671 683 1747 juvenum
697 1672 807 1747 primos
819 1679 863 1729 tot
875 1671 987 1728 miserit
1001 1671 1109 1729 Orco?
1288 1672 1346 1731 tet

359 1763 389 1823 N
391 1783 429 1821 on
444 1764 569 1823 infelicis
584 1764 697 1841 petriae,
714 1772 906 1839 veterumque
920 1763 1054 1835 deorum,

360 1856 401 1917 Et
414 1858 514 1937 magni
527 1858 650 1929 AEneae‚
666 1877 776 1935 segnes
790 1858 969 1934 miseretque
984 1859 1132 1935 pudetque
1149 1858 1161 1915 i

360 1948 485 2009 Tslibus
500 1951 621 2009 scoensi
635 1951 800 2023 firmantur,
816 1959 846 2007 et
860 1952 978 2029 agmine
991 1952 1085 2010 denso

362 2041 548 2103 consistunt.
589 2044 712 2101 Turnus
726 2044 869 2120 peulstim
881 2044 1028 2103 excedere
1043 2042 1155 2123 pugni,

360 2136 401 2197 Et
415 2136 535 2195 fluvium
550 2146 662 2214 petere,
679 2156 716 2195 sc
730 2146 844 2213 psrtem
859 2156 926 2214 quse
939 2138 1069 2215 cingitur
1083 2139 1172 2197 omni.

360 2230 470 2289 Acribs
484 2230 542 2288 hoo
555 2230 668 2289 Teucri
683 2231 812 2289 clemore
827 2231 999 2289 incumbere
1014 2250 1134 2309 migne,

362 2320 403 2382 Et
417 2324 584 2401 glomerare
599 2342 718 2381 menum
732 2342 739 2380 :
761 2342 817 2381 ceu
832 2343 946 2382 servum
957 2326 1047 2382 turbe
1059 2325 1177 2383 teonem

363 2416 464 2484 Quum
477 2416 545 2475 telis
560 2417 665 2493 premit
679 2417 823 2475 infensis:
846 2425 876 2473 et
890 2418 1011 2474 territus
1024 2417 1085 2488 ille,

363 2510 470 2589 Asper,
488 2513 599 2569 scerbs
613 2520 710 2582 tuens,
727 2520 809 2570 retro
821 2512 897 2570 redit
914 2532 922 2581 ;
946 2520 976 2569 et
990 2531 1088 2588 neque
1101 2520 1190 2591 terge

363 2602 414 2661 lrs
427 2604 499 2661 dere
514 2612 565 2662 sut
580 2604 674 2662 virtus
688 2606 808 2681 petitur,
825 2624 882 2662 nec
895 2605 1018 2663 tendere
1033 2606 1149 2676 contri,

364 2694 418 2753 Ille
434 2696 553 2772 quidem
565 2697 623 2755 hoc
637 2698 772 2773 cupiens,
789 2698 865 2774 potis
878 2705 924 2755 est
939 2717 992 2775 per
1005 2698 1067 2756 teis
1079 2698 1229 2775 virosque.

363 2787 456 2847 Haud
471 2789 557 2846 sliter
571 2797 651 2847 retro
665 2789 772 2847 dubius
786 2790 913 2867 vestigio
926 2790 1048 2849 Turnus

364 2862 569 2958 Irirproperets
583 2881 683 2952 refert,
701 2890 730 2941 et
744 2901 828 2941 mens
842 2892 986 2943 exestust
1000 2882 1055 2943 irri.

365 2972 446 3040 Quin
460 2974 549 3031 etism
563 2974 608 3031 his
622 2982 684 3031 turn
697 2975 810 3033 medios
825 2976 975 3035 invaserat
988 2977 1088 3035 hostes
1103 2996 1112 3047 ;

363 3065 417 3125 Bis
430 3065 556 3123 confuse
568 3064 641 3143 fugi
655 3086 708 3143 per
722 3086 823 3125 muros
836 3069 956 3146 agmine
969 3070 1065 3129 vertit.
1148 3054 1151 3059 ¹

365 3159 424 3219 Sed
438 3178 543 3217 monus
558 3178 574 3215 e
589 3160 696 3217 cestris
711 3160 836 3238 propere
850 3162 910 3219 coit
923 3162 1017 3219 omnis
1031 3163 1062 3221 in
1075 3180 1166 3221 unum
1182 3180 1191 3220 :

364 3252 394 3313 N
396 3272 431 3311 eo
446 3252 551 3309 contrd
565 3252 644 3311 vires
658 3253 747 3311 sudet
762 3254 901 3311 Saturnis
914 3254 995 3312 Juno

365 3346 510 3405 Sufficere
526 3364 534 3414 ;
559 3346 671 3405 seriem
685 3346 762 3404 coelo
777 3366 846 3403 usm
858 3346 977 3424 Jupiter
991 3348 1062 3405 Irim

364 3438 503 3510 Demisit‚
519 3458 670 3517 germanos
684 3440 763 3497 haud
777 3440 878 3497 moltis
886 3440 973 3515 jusss
987 3440 1143 3513 ferentem,

364 3534 394 3593 N
396 3534 405 3592 i
418 3534 539 3591 Turnus
554 3533 641 3591 cedet
655 3530 844 3591 Teucrorum
856 3534 1003 3593 moenibus
1016 3534 1093 3594 sitis.

364 3627 449 3706 Ergo
463 3646 519 3685 neo
533 3626 639 3703 clypeo
648 3626 770 3701 juvenis
783 3627 947 3684 subsistere
959 3627 1084 3699 tentitm,

364 3720 394 3780 N
396 3740 432 3779 eo
446 3718 551 3781 dextri
565 3720 653 3791 velet,
670 3719 787 3795 injectis
802 3719 846 3778 sie
860 3720 990 3796 undique
1006 3720 1075 3778 telis

365 3812 518 3874 Obruitur.
560 3813 669 3891 Strepit
684 3814 805 3871 sssiduo
818 3832 895 3871 esve
907 3820 1041 3891 tempore
1054 3814 1169 3873 circum

365 3906 487 3965 Tinnitu
501 3908 600 3986 guiso,
617 3916 647 3966 ct
659 3907 740 3972 saxis
754 3907 850 3965 solide
865 3926 925 3965 oers
938 3906 1079 3965 fatiscunt
1094 3926 1102 3977 ;

365 4000 580 4078 Discussasque
591 4002 673 4077 juhae
687 4001 777 4078 capiti
790 4020 798 4071 ;
822 4020 878 4058 nec
891 4000 1001 4059 sufficit
1015 4002 1103 4059 umbo

367 4093 480 4151 Ictibus
493 4113 499 4151 ι
522 4094 704 4171 ingeminent
718 4095 812 4153 hostis
826 4102 856 4151 et
868 4094 966 4153 Trois
979 4103 1010 4151 et
1023 4094 1087 4170 ipse

366 4185 540 4246 Fulmineus
554 4188 740 4248 Mnestheus.
782 4188 861 4246 Turn
873 4197 935 4247 toto
949 4206 1073 4264 corpore
1089 4186 1181 4247 sudor

365 4280 515 4358 Liquitur,
532 4290 562 4339 et
576 4283 692 4361 piceum
707 4282 778 4351 (nec
792 4284 940 4361 respirare
955 4282 1099 4360 potestus)
