3167 5234
328 585 367 644 ,η
615 571 640 618 r.
658 563 827 617 vrnornrr
847 559 1021 611 annosis

329 718 422 796 Signa
436 714 555 774 debant.
598 668 729 777 uenies*
741 703 909 782 Cyclopum
922 699 1068 758 effervere
1081 695 1112 753 in
1125 711 1216 774 agros

328 811 465 869 Vidimus
478 807 637 866 undantem
650 800 746 878 ruptis
759 796 931 856 fornacibus
943 792 1082 862 AEtnam,

328 903 588 975 Flammarumque
610 897 725 974 globos,
741 889 962 968 liquefactaque
976 886 1097 944 volsere
1108 900 1183 942 saxa
1195 879 1217 939 l'

328 999 488 1056 Armorum
501 993 627 1052 sonitum
641 997 702 1048 toto
716 985 882 1046 Germania
895 982 973 1040 coelo

328 1089 431 1148 Audiit
447 1107 455 1158 3
480 1083 604 1145 insolitis
617 1086 802 1140 tremuerunt
815 1076 945 1135 motibus
957 1074 1061 1150 Alpes.
1254 1067 1316 1127 tro

329 1182 398 1241 Vox
414 1199 532 1258 quoque
550 1197 603 1255 per
617 1177 700 1234 lucos
714 1171 805 1249 vulgd
819 1168 961 1228 exaudita
974 1167 1097 1226 silentes

330 1275 453 1353 Ingens,
470 1282 499 1330 et
514 1271 672 1330 simulacra
685 1265 780 1325 modis
793 1263 935 1342 pellentis
946 1261 1028 1319 miris

329 1369 405 1427 Vise
419 1369 474 1426 sub
489 1367 650 1425 obscurum
663 1361 777 1428 noctis;
799 1356 991 1436 pecudesque
1005 1355 1125 1423 locutis,

329 1461 483 1522 Infandum
499 1463 506 1517 l
529 1460 636 1516 sistunt
650 1473 763 1524 amnes,
777 1461 928 1526 terreque
941 1447 1096 1506 dehiscunt
1111 1463 1121 1514 ;

329 1555 370 1615 Et
383 1564 521 1614 moestum
536 1551 703 1626 illacrymat
716 1545 837 1622 templis·
847 1545 932 1613 ebur,
948 1558 1070 1617 seraque
1083 1537 1200 1596 sudant.
1256 1537 1315 1597 tao

328 1648 443 1708 Proluit
457 1647 562 1704 insano
576 1655 777 1717 contorquens
790 1637 903 1696 vertice
923 1635 1014 1693 silvas

330 1741 504 1800 Fluviorum
518 1757 572 1796 rex
585 1736 747 1804 Eridanus,
764 1747 947 1808 camposque
961 1746 1014 1805 per
1027 1743 1130 1784 omnes

330 1834 410 1895 cum
424 1832 549 1891 stabulis
564 1841 699 1889 armenta
712 1825 787 1884 tulit.
830 1824 897 1882 Nec
909 1833 1043 1898 tempore
1057 1818 1163 1876 eodem

329 1927 480 1988 Tristibus
494 1931 544 1982 eut
559 1923 635 1982 extis
649 1921 732 1980 fibras
747 1935 893 1996 apparere
906 1915 1050 1984 minaces,

329 2022 391 2079 Aut
406 2019 501 2097 puteis
515 2034 638 2075 manare
652 2033 741 2072 cruor
754 2010 885 2071 cessavit
899 2029 907 2078 ;
929 2016 960 2066 et
974 2007 1042 2065 altre
1095 2017 1098 2024 ·

328 2113 390 2173 Per
404 2120 521 2170 noctem
536 2128 678 2168 resonare
693 2108 770 2185 lupis
784 2105 967 2164 ululantibus
979 2103 1080 2160 urbes

330 2207 360 2266 N
362 2226 400 2264 on
415 2205 491 2263 alids
504 2203 583 2262 coelo
596 2201 771 2260 ceciderunt
785 2200 871 2276 plura
884 2214 993 2256 sereno

328 2299 476 2376 Fulgura,
493 2315 549 2354 nee
564 2295 620 2354 diri
632 2295 721 2353 toties
742 2289 846 2350 arsdre
860 2298 995 2348 cometa.

367 2392 451 2469 Ergo
465 2391 543 2447 inter
557 2407 624 2446 sese
640 2387 760 2464 paribus
774 2401 957 2443 concurrere
970 2379 1040 2438 telis

329 2485 484 2544 Romanas
499 2483 581 2540 acies
596 2482 701 2562 itprurn
716 2476 819 2538 videre
833 2475 961 2552 Philippi
977 2493 986 2544 3

330 2578 358 2637 N
362 2596 398 2636 eo
411 2577 465 2634 fuit
481 2575 634 2652 indignum
649 2574 782 2651 Superis,
799 2572 844 2628 his
858 2568 1005 2646 sanguine
1019 2572 1121 2624 nomro

329 2669 500 2729 Emathiam
514 2676 543 2724 et
555 2668 630 2724 latos
644 2665 744 2723 Hermi
760 2664 958 2742 pinguescere
973 2677 1103 2736 campos.

331 2763 452 2820 Scilicet
466 2768 496 2817 et
509 2769 626 2835 ternpus
640 2758 749 2828 veniet,
766 2774 857 2832 quum
870 2754 980 2811 finibus
993 2751 1052 2810 illis

329 2854 484 2934 Agricola,
501 2853 624 2910 incurvo
636 2859 746 2908 terram
761 2848 879 2907 molitus
892 2855 1001 2917 aratro,

330 2947 433 3007 Excsa
447 2947 576 3004 inveniet
591 2942 702 3002 scabris
719 2943 859 3020 rubigine
873 2940 942 3018 pila,

330 3043 392 3101 Aut
406 3040 548 3117 gravibus
562 3037 667 3096 rastris
681 3037 786 3113 gaicus
801 3034 930 3112 pulsabit
943 3033 1060 3103 inanes,

331 3135 526 3211 Grandiaque
541 3133 657 3191 effossis
671 3131 827 3190 mirabitur
840 3149 909 3188 ossa
923 3127 1079 3205 sepulcris.

369 3227 412 3287 Dl
428 3227 514 3306 pstrii
529 3226 692 3304 Indigetes,
709 3232 738 3282 et
752 3223 892 3293 Romula,
909 3221 1066 3296 Vestaque
1080 3225 1187 3290 mater,

332 3321 410 3389 Qum
424 3321 558 3378 Tuscum
572 3318 706 3376 Tiberim
721 3326 750 3375 et
764 3317 904 3376 Romana
918 3314 1037 3372 Palatia
1049 3331 1165 3384 serras,

331 3413 424 3474 Hunc
439 3413 544 3472 seltem
558 3432 663 3470 everso
673 3413 814 3487 juvenem
835 3425 1013 3466 succurrere
1030 3406 1122 3464 soeclo

331 3509 379 3568 Ne
395 3508 566 3586 prohibete!
587 3505 659 3564 satis
669 3506 731 3582 jam
747 3503 858 3581 pridem
872 3502 1017 3579 sanguine
1031 3509 1133 3560 nostro

330 3601 562 3660 Laomedontem
577 3599 684 3658 luimus
698 3597 830 3675 perjuria
841 3595 951 3671 Trojm

330 3695 400 3755 Jam
416 3693 528 3772 pridem
540 3693 710 3754 nobiscoeli
724 3701 754 3748 te
770 3690 866 3766 regia,
883 3689 1001 3760 Cesar,

332 3788 457 3860 Invidet,
474 3796 565 3865 atque
579 3787 729 3846 hominurn
744 3783 879 3862 queritur
892 3802 999 3841 curare
1012 3779 1195 3860 triumphos:

333 3879 452 3959 Quippe
464 3881 513 3938 ubi
528 3881 573 3939 sas
582 3899 700 3940 versum
710 3888 800 3956 atque
811 3877 909 3947 nelas3
922 3885 965 3936 tot
976 3877 1054 3934 bella
1064 3896 1119 3953 per
1128 3876 1241 3947 orbem,
1256 3872 1316 3931 505

332 3971 409 4032 Tam
423 3974 521 4031 multoe
536 3975 684 4032 scelerum
696 3973 790 4031 facies
805 3991 813 4041 ;
836 3989 896 4029 non
909 3971 988 4028 ullus
1002 3979 1102 4028 aratro

330 4064 451 4143 Dignus
464 4066 557 4124 honos
573 4086 580 4135 3
604 4067 741 4142 squalent
756 4064 892 4123 abductis
906 4083 979 4121 arva
992 4061 1116 4131 colonis,

331 4159 371 4219 Et
386 4179 486 4217 curvus
500 4158 627 4236 rigidum
641 4159 733 4217 falces
747 4159 916 4218 condantur
928 4159 957 4216 in
973 4173 1075 4215 ensem
1089 4173 1097 4212 t

331 4251 414 4312 Hinc
428 4260 526 4310 moret
543 4251 724 4328 Euphrates,
740 4252 821 4310 illinc
834 4252 998 4312 Germanis
1012 4249 1140 4308 bellum:

331 4343 459 4418 Vicinae,
475 4345 568 4422 ruptis
582 4345 705 4403 intense
720 4345 847 4423 legibus,
866 4347 956 4403 urbes
1254 4339 1315 4398 cto
