3167 5234
372 561 429 623 170
662 556 689 603 r.
709 550 877 601 vincturi
896 552 1069 601 uisurus

368 698 505 759 Turbam
518 699 596 757 inter
608 695 818 770 fremitumque
832 692 936 771 Gyas:
953 710 1042 768 quem
1056 690 1164 749 deiude
1178 686 1349 751 cloaribus

370 793 585 871 Consequitur,
601 790 706 850 melior
718 788 810 847 remis
824 806 831 858 3
856 786 910 847 sed
924 785 1055 865 pondere
1069 784 1156 877 pinus

369 887 474 948 Tarda
485 897 577 946 tenet.
618 884 693 944 Post
712 884 767 942 bos
780 900 868 958 aequo
883 880 1053 940 discrimine
1066 878 1175 939 Pristis

370 974 605 1058 Centaurusque
619 979 718 1037 locum
730 976 855 1035 tendunt
869 990 1013 1053 superare
1028 972 1166 1051 priorem.
1305 970 1363 1029 165

369 1076 411 1134 Et
424 1094 504 1134 nunc
520 1072 627 1132 Pristis
641 1071 731 1130 habet
748 1088 758 1140 ς
779 1088 860 1128 nunc
875 1070 984 1127 victam
997 1066 1130 1145 preterit
1144 1066 1251 1143 ingene

370 1168 544 1229 Centaurus
561 1185 568 1236 ;
591 1184 672 1224 nunc
686 1162 748 1223 uni
765 1165 862 1222 ambre
878 1160 1051 1238 junctisque
1070 1159 1206 1217 feruntur

369 1261 543 1331 Frontibus,
559 1268 590 1319 et
603 1256 696 1337 longi
708 1259 826 1316 sulcant
841 1255 919 1314 vada
933 1254 1014 1313 salsa
1028 1250 1142 1312 cerini.
1164 1324 1171 1337 .

368 1354 500 1429 Jamque
514 1352 752 1430 propinquabant
766 1350 900 1428 scopulo,
918 1360 1086 1423 metamque
1100 1347 1253 1418 tenebant,

370 1444 474 1514 Quum
492 1447 632 1524 princeps
645 1446 804 1521 medioque
818 1444 905 1520 Gyas
919 1442 949 1499 iu
962 1441 1082 1519 gurgite
1096 1440 1192 1499 victor
1306 1440 1363 1497 leo

370 1539 535 1599 Rectorem
552 1540 638 1597 navis
651 1538 810 1615 compellet
824 1554 898 1594 voce
912 1534 1067 1592 Menceten
1081 1550 1088 1591 ε

372 1632 442 1701 Quo
456 1642 572 1692 tantum
586 1631 657 1690 mibi
670 1632 775 1689 dexter
788 1630 855 1689 abis
872 1628 882 1685 ἓ
904 1630 963 1686 buc
977 1626 1073 1706 dirige
1087 1642 1225 1703 gressum
1241 1646 1249 1696 ;

372 1726 471 1787 Littus
485 1746 563 1799 ama,
579 1735 609 1784 et
631 1726 725 1784 larvas
738 1725 876 1801 stringat,
892 1723 967 1793 sine,
985 1721 1114 1799 palmula
1128 1728 1235 1779 cautes
1249 1738 1256 1777 :

371 1822 475 1881 Altum
488 1821 539 1879 elii
556 1828 687 1878 teneant.
728 1818 813 1877 Dixit
829 1836 836 1886 ;
861 1816 914 1875 sed
928 1834 1013 1875 oseca
1026 1814 1178 1875 Menoetes

373 1914 454 1974 Saxa
466 1912 573 1973 timens
588 1932 707 1992 proram
720 1912 820 1990 pelagi
835 1912 992 1988 detorquet
1006 1910 1044 1967 ad
1059 1910 1163 1968 undas.
1307 1905 1364 1968 tob

373 2006 444 2075 Quo
460 2008 595 2067 diversus
609 2008 676 2065 ubis
690 2007 700 2062 l
721 2007 840 2077 iterum,
858 2004 933 2064 Pete
947 2022 1030 2075 saxa,
1046 2004 1191 2075 Menoete,

374 2101 455 2161 Cum
468 2102 599 2160 clamore
613 2101 700 2177 Gyas
713 2102 886 2159 revocabat.
928 2099 969 2157 Et
984 2118 1058 2157 ecce
1072 2098 1262 2175 Cloanthum,

372 2194 510 2272 Respicit
530 2194 689 2253 instantem
702 2204 801 2273 tergo,
818 2202 847 2251 et
862 2192 1001 2270 propiore
1013 2199 1173 2250 tenentem.

373 2288 429 2346 Ille
449 2288 528 2346 inter
541 2306 708 2364 navemque
720 2288 799 2365 Gyae
813 2288 1012 2364 scopulosque
1027 2292 1167 2344 sonantes

372 2376 464 2441 Radit
482 2382 540 2440 iter
553 2383 660 2440 laevuur
674 2382 808 2453 interior,
825 2380 983 2457 subitbque
998 2381 1126 2457 priorem
1308 2380 1365 2437 tto

371 2474 520 2545 Praeterit,
535 2483 564 2533 et
578 2475 665 2534 metis
678 2483 760 2533 tenet
775 2492 899 2551 aequora
911 2482 976 2532 luta
990 2473 1112 2532 relictis.

372 2568 452 2627 Tum
466 2569 538 2628 verb
553 2570 663 2627 exarsit
680 2569 785 2646 juveni
803 2568 888 2628 dolor
902 2568 1019 2626 ossibus
1033 2568 1139 2645 ingens
1156 2584 1164 2635 ;

373 2662 441 2721 Nec
455 2663 597 2738 lacrymis
616 2660 744 2721 caruere
758 2680 845 2739 genae
862 2680 870 2731 3
894 2678 1078 2739 segnemque
1092 2659 1258 2731 Menoeten,

373 2754 492 2815 Oblitus
506 2755 684 2832 decorisque
698 2756 746 2813 sui
760 2752 935 2832 sociumque
950 2754 1065 2825 salutis,

374 2842 410 2910 Iu
430 2870 513 2909 mare
528 2852 711 2929 praecipitem
725 2852 815 2929 puppi
830 2852 967 2909 deturbat
982 2852 1019 2909 ab
1035 2849 1105 2908 alta.
1308 2845 1365 2907 176

374 2947 444 3025 lpse
458 2947 643 3025 gubernaclo
662 2956 763 3005 rector
776 2948 866 3019 subit,
883 2948 946 3024 ipse
961 2947 1105 3024 magister
1118 2964 1125 3015 ;

374 3040 583 3118 Hortaturque
598 3042 689 3112 viros,
705 3043 885 3117 clavumque
899 3041 937 3099 ad
951 3040 1051 3099 littora
1064 3045 1193 3116 torquet.

327 3153 332 3162 ’
373 3136 415 3193 At
429 3135 541 3213 gravis,
556 3143 588 3193 ut
601 3136 692 3193 fundo
707 3135 755 3192 vix
770 3134 889 3193 tandem
902 3134 1036 3192 redditus
1050 3134 1108 3192 imo
1122 3138 1178 3203 est,

373 3228 445 3289 Jnm
457 3230 568 3301 senior,
584 3227 764 3306 madidique
778 3228 875 3286 fluens
888 3229 920 3287 in
933 3236 1028 3300 veste,
1044 3226 1205 3298 Menoetes,
1226 3235 1229 3243 '

374 3319 498 3381 Summa
511 3324 583 3399 petit
597 3323 723 3400 scopuli,
739 3323 883 3399 siccique
898 3323 926 3380 in
941 3342 1014 3399 rupe
1027 3321 1147 3380 resedit.
1310 3320 1367 3380 180

375 3416 462 3475 illum
475 3425 506 3475 et
519 3417 667 3475 labentem
680 3417 796 3475 Teucri
810 3425 839 3475 ct
853 3416 948 3476 risdre
962 3423 1114 3475 natantem
1130 3434 1137 3485 ;

374 3510 416 3570 Et
431 3512 528 3569 salsos
543 3512 640 3569 rident
654 3520 856 3569 revomentem
871 3518 992 3589 pectore
1007 3508 1126 3568 fluctus.

374 3603 439 3663 Hic
453 3605 523 3663 lecta
537 3603 677 3661 extremis
692 3622 761 3680 spes
775 3612 820 3661 est
836 3623 966 3662 accense
979 3604 1106 3673 duobus,

375 3698 518 3776 Sergesto
531 3696 753 3773 Mnestheique,
768 3697 860 3775 Gyan
875 3716 1018 3775 superare
1033 3704 1205 3756 morantem.
1276 3760 1279 3779 Ι

375 3794 536 3871 Sergestus
549 3792 629 3869 capit
643 3790 712 3849 ante
727 3791 837 3863 locum,
855 3792 1037 3870 scopuloque
1052 3791 1253 3869 propinquat:
1311 3786 1367 3848 too
1406 3812 1411 3824 ¹

375 3885 443 3945 Nec
456 3883 521 3943 told
534 3892 633 3943 tamen
646 3886 697 3943 ille
712 3884 793 3962 prior
806 3893 960 3962 preeunte
976 3880 1080 3942 carini
1094 3902 1102 3955 ς

374 3977 466 4037 Parte
481 3980 571 4055 prior,
587 3992 703 4056 purtem
717 3987 814 4037 rostro
829 3978 935 4057 premit
949 3978 1056 4037 oemulu
1069 3976 1186 4035 Pristis.

375 4072 416 4130 At
430 4070 529 4131 medii
542 4072 641 4131 socios
655 4072 798 4131 incedens
812 4090 888 4132 nave
904 4092 958 4151 per
971 4072 1051 4149 ipsos

375 4163 527 4222 Hortatur
540 4165 741 4224 Mnestheus:
764 4164 793 4226 N
797 4184 865 4238 unc,
882 4184 972 4238 nunc,
990 4165 1134 4243 insurgite
1148 4160 1250 4237 remis,

375 4255 524 4318 Hectorei
542 4262 626 4334 socii,
641 4262 742 4339 Trojoe
759 4282 834 4339 quos
848 4271 928 4322 sorte
943 4258 1085 4341 supremi
1312 4258 1370 4317 190

375 4351 488 4432 Delegi
500 4355 623 4414 comiter
636 4374 645 4427 ;
669 4376 751 4416 nunc
764 4356 831 4416 illas
846 4356 970 4436 promite
984 4356 1075 4429 vires,
