3167 5234
555 545 732 598 AEnmnos
752 549 822 596 [ΑΒ.
836 550 898 598 vn.
1155 561 1216 618 219

228 683 368 744 Flectere
383 685 407 744 si
422 703 540 762 nequeo
555 687 697 764 Superos,
711 687 887 748 Acheronta
900 692 1035 752 movebo.

230 780 258 840 N
261 801 297 838 on
312 779 431 837 dabitur
444 778 557 857 regnis,
573 792 648 851 esto,
665 781 823 856 prohibere
836 783 963 856 Latinis,

229 873 329 950 Atque
344 873 464 931 immota
478 881 577 931 manet
591 873 659 932 fatis
674 873 802 936 Lavinia
814 876 944 952 conjnx:

228 967 267 1026 At
281 966 415 1037 trahere,
431 973 521 1042 atque
536 985 634 1025 moras
648 969 738 1026 tantis
751 970 822 1027 licet
836 970 946 1029 addere
964 973 1076 1044 rebus;
1157 975 1217 1032 816

228 1061 269 1118 At
282 1060 354 1118 licet
369 1059 523 1118 amborum
537 1061 660 1138 populos
674 1062 850 1121 exscindere
864 1083 978 1143 regum.

229 1151 302 1212 Hac
316 1164 514 1231 generatque
529 1173 617 1212 socer
630 1157 737 1238 codnnt
751 1157 890 1216 mercede
903 1178 1035 1220 suorum.

231 1247 384 1324 Sanguine
397 1246 530 1324 Trojano
545 1256 574 1306 ct
588 1249 702 1308 Rutulo
716 1249 869 1322 dotabere,
885 1252 970 1329 virgo
983 1271 992 1322 ;

229 1341 270 1400 Et
284 1342 410 1400 Bellona
423 1352 523 1402 manet
536 1353 566 1402 te
581 1347 724 1422 pronuba.
767 1345 834 1403 Nec
850 1347 915 1404 face
928 1346 1043 1406 tantum

230 1434 348 1495 Cisseis
361 1457 521 1515 proegnans
535 1436 619 1516 ignes
634 1439 722 1496 enixa
738 1439 859 1516 jugales
872 1459 881 1510 ς
1157 1442 1219 1502 ³20

231 1528 314 1595 Quin
327 1529 405 1588 idem
419 1529 534 1590 Veneri
546 1540 648 1608 partus
662 1551 744 1602 suus,
760 1541 789 1590 et
804 1532 891 1591 Paria
905 1532 991 1606 alter,

230 1620 432 1700 Funestoeqne
448 1623 554 1682 iterum
566 1623 698 1682 recidiva
712 1625 741 1682 in
755 1625 905 1703 Pergama
923 1626 1020 1686 toedoe.

270 1717 349 1776 Haec
364 1718 414 1776 ubi
427 1718 507 1778 dicta
521 1718 611 1790 dedit,
627 1727 724 1776 terras
738 1719 887 1778 horrenda
899 1721 1011 1797 petivit.

230 1808 411 1869 Luctificam
424 1811 544 1870 Allecto
558 1810 688 1870 dirarum
702 1813 739 1870 ab
758 1813 830 1870 sede
844 1831 981 1872 sororum

229 1901 419 1980 Infernisque
435 1905 493 1962 ciet
506 1905 638 1962 tenebris
652 1924 659 1974 3
684 1905 733 1964 cui
746 1906 844 1963 tristia
856 1906 946 1978 bella,
1157 1909 1219 1966 886

231 1995 361 2073 Iraeque,
377 1997 561 2074 insidiaeque‚
578 2005 607 2055 et
619 1999 744 2056 crimina
757 1999 847 2058 noxia
859 2000 952 2059 cordi.

232 2088 301 2148 Odit
314 2098 345 2147 ot
360 2090 423 2168 ipse
438 2099 522 2168 pater
534 2091 654 2163 Pluton,
670 2090 760 2152 odire
775 2104 896 2151 sorores

231 2183 388 2242 Tartareae
402 2192 583 2244 monstrum:
605 2194 648 2244 tot
662 2205 729 2244 sese
744 2186 831 2244 vertit
845 2186 876 2244 in
890 2205 955 2257 ora,

231 2277 308 2335 Tam
321 2297 411 2336 savae
425 2279 528 2350 facies,
544 2286 586 2336 tot
602 2279 725 2354 pullulat
739 2287 806 2337 atra
819 2280 959 2340 colubris.

231 2369 331 2444 Quam
344 2371 425 2430 Juuo
439 2372 485 2430 his
498 2373 577 2431 acuit
592 2373 701 2442 verbis,
719 2393 754 2431 ac
768 2372 841 2431 talia
854 2372 954 2431 satur:
1159 2375 1220 2432 880

232 2463 324 2523 Hunc
338 2465 409 2524 mihi
422 2465 462 2523 da
475 2465 636 2544 proprium,
653 2466 737 2543 virgo
752 2475 818 2524 sata
832 2466 941 2537 Nocte,
955 2466 1097 2539 laborem,

231 2557 323 2616 Hanc
337 2577 459 2635 operam
474 2577 482 2629 ;
506 2578 543 2618 ne
557 2568 659 2618 noster
671 2559 766 2618 bonos
780 2559 945 2618 infractave
959 2559 1047 2618 cedat

231 2649 327 2709 Fama
340 2651 408 2709 loco
423 2670 430 2721 ;
454 2671 511 2710 neu
527 2652 682 2710 connubiis
696 2652 809 2710 ambire
822 2652 965 2712 Latinum

232 2742 383 2801 AEneadae
398 2745 519 2822 possint,
537 2744 667 2803 Italosve
682 2743 819 2802 obsidere
834 2745 918 2804 lines.

231 2837 279 2897 Tu
294 2847 380 2916 potes
394 2839 549 2898 unanimos
563 2859 680 2898 armare
695 2841 725 2898 in
743 2840 850 2917 proelia
863 2840 982 2912 fratrea,
1161 2842 1221 2900 886

231 2932 332 3008 Atque
348 2932 422 2990 odiis
435 2951 557 2990 versare
571 2933 673 2992 domos
688 2953 695 3003 ;
719 2943 750 2992 tu
766 2936 893 2992 verbera
905 2935 994 2993 tectis

232 3019 448 3102 Funereasqne
464 3025 572 3084 inl'erre
588 3026 692 3095 saces3
716 3025 769 3084 tibi
783 3027 902 3085 nomina
915 3026 1005 3100 mille,

232 3115 317 3174 Mille
332 3119 458 3176 nocendi
473 3127 563 3178 artes.
606 3118 795 3178 Foecundum
807 3128 935 3178 concute
950 3127 1066 3196 pectus,

232 3209 349 3286 Disjico
363 3212 556 3288 compositam
570 3231 685 3289 pacem,
701 3231 769 3270 sere
784 3213 909 3272 crimina
924 3213 995 3271 belli
1008 3231 1016 3283 3

231 3303 331 3363 Arma
344 3304 425 3376 velit,
442 3314 604 3382 poscatque
619 3305 716 3376 simul,
733 3306 889 3382 rapiatque
906 3306 1057 3381 juventus.
1163 3307 1223 3364 ³40

274 3397 354 3454 Exin
368 3397 538 3475 Gorgoneis
551 3398 670 3456 Allecto
684 3397 795 3456 insecta
808 3399 932 3457 venenis

232 3489 386 3566 Principio
399 3490 520 3548 Latium
533 3499 562 3549 et
575 3490 737 3549 Laurentis
751 3498 833 3550 tecta
845 3490 964 3568 tyranni

234 3581 331 3642 Celsa
345 3583 427 3659 petit,
443 3583 626 3661 tacitumque
641 3583 756 3642 obsedit
770 3585 861 3643 limen
874 3586 1010 3642 Amatae:

234 3674 337 3742 Quam
351 3695 441 3752 super
455 3676 582 3735 adventu
597 3675 759 3748 Teucrum,
776 3677 931 3754 Turnique
947 3676 1120 3754 hymenoeis,

231 3768 400 3829 Foeminooe
415 3769 568 3828 ardentem
583 3787 723 3846 curaeque
738 3771 851 3846 iraeque
865 3771 1044 3846 coquebant.
1164 3772 1223 3829 846

233 3860 319 3920 Huic
333 3861 391 3920 dea
404 3863 542 3922 coeruleis
556 3882 647 3921 unum
660 3863 696 3920 dc
711 3863 844 3921 crinibus
857 3881 985 3939 anguem

236 3951 378 4030 Conjicit,
394 3955 483 4033 inque
499 3956 594 4014 sinum
609 3954 774 4034 praecordia
788 3954 826 4012 ad
841 3955 943 4012 intima
956 3955 1055 4015 subdit
1069 3975 1078 4028 ς

235 4048 307 4114 Quo
320 4049 481 4111 furibunda
495 4049 611 4108 domurn
624 4057 757 4108 monstro
772 4049 950 4125 permisceat
964 4068 1089 4110 omnem.

234 4140 302 4212 Illo,
319 4143 397 4199 inter
411 4151 510 4201 vestes
523 4152 553 4201 et
566 4141 645 4200 levia
659 4150 782 4219 pectora
795 4142 907 4219 lapsus,

233 4234 375 4293 Volvitur
389 4243 503 4294 attactu
523 4236 614 4306 nullo,
630 4236 762 4312 fallitque
777 4234 936 4308 furentem,
1164 4239 1225 4298 860

232 4327 399 4406 Vipeream
413 4327 561 4408 inspirans
575 4329 703 4389 animam
716 4348 724 4400 ;
749 4329 780 4388 fit
794 4329 893 4388 tortile
910 4329 988 4388 collo
