3167 5234
351 540 407 599 124
635 534 663 581 r.
683 532 852 582 vrnotnn
870 534 1042 585 nsnours
1143 516 1147 523 '

347 672 501 734 Occiderit
515 674 596 733 ferro
608 673 749 734 Priamus
765 673 776 730 l
805 672 898 751 Troja
912 675 1020 735 arserit
1032 674 1121 755 igni?

346 767 535 827 Dardanium
547 768 637 827 toties
649 767 766 827 suddrit
780 768 928 847 sanguiue
942 768 1024 828 littus
1038 768 1049 824 ?

346 860 376 921 N
378 882 416 920 on
431 862 495 932 ita3
518 880 648 938 namque
662 861 720 921 etsi
733 862 848 921 nullum
862 863 1054 921 memorabile
1068 882 1177 922 nomen

346 953 507 1015 Foeminei
519 956 550 1015 in
564 954 656 1035 poend
669 964 726 1027 est,
742 974 800 1013 neo
814 956 905 1014 habet
920 955 1045 1017 victoria
1057 952 1188 1029 laudem,

345 1048 518 1109 Extinxisse
531 1050 618 1109 nesae
630 1057 742 1121 tamen,
759 1058 788 1107 et
803 1049 966 1127 sumpsisse
980 1050 1123 1109 merentis
1280 1054 1340 1112 505

345 1142 508 1203 Laudabor
521 1163 629 1223 poenas
645 1162 654 1214 ;
677 1144 867 1218 animumque
883 1142 1020 1221 explesse
1037 1144 1153 1220 juvabit

345 1236 469 1296 Ultriois
482 1237 620 1309 flammat,
637 1245 667 1295 et
681 1237 799 1296 cineres
814 1234 941 1295 satiasse
955 1255 1098 1297 meorum.

321 1356 327 1363 ·
384 1331 474 1390 Talia
489 1332 655 1409 jactabam,
671 1341 702 1389 et
716 1330 828 1390 furiata
841 1339 940 1391 mente
955 1332 1076 1391 ferebar
1091 1351 1099 1403 ;

346 1425 448 1493 Quum
461 1425 533 1484 mihi
545 1444 591 1498 se,
606 1445 666 1484 non
680 1425 751 1484 ante
765 1426 861 1484 oculis
875 1434 937 1485 tam
952 1426 1046 1499 clara,
1063 1426 1220 1487 videndam

346 1519 471 1592 Obtulit,
487 1527 518 1578 et
532 1517 609 1598 puri
623 1539 676 1598 per
691 1526 810 1578 noctem
824 1520 854 1578 in
869 1520 936 1579 luce
951 1520 1079 1592 refulsit,
1279 1525 1338 1583 590

344 1613 433 1671 Alma
447 1632 568 1692 parens,
585 1613 724 1671 consessa
738 1612 836 1685 deam,
854 1614 1011 1691 qualisque
1026 1614 1121 1673 videri

345 1705 501 1766 Coelieolis
515 1718 546 1765 et
561 1714 674 1784 quanta
693 1707 768 1765 solet
784 1726 792 1777 ;
817 1706 982 1785 dextraque
1001 1708 1180 1786 prehensum

345 1799 511 1874 Continuit,
526 1819 676 1877 roseoque
690 1801 757 1860 haec
770 1802 893 1879 insuper
907 1800 1018 1861 addidit
1037 1820 1110 1861 ore:

382 1894 475 1968 Nate,
492 1894 560 1971 quis
579 1894 737 1954 indomitas
750 1903 853 1953 tantus
867 1894 953 1954 dolor
966 1896 1077 1955 excitat
1091 1896 1152 1955 iras
1166 1896 1177 1953 l

344 1986 427 2057 Quid
442 1988 515 2048 furis
532 1987 543 2045 ?
564 1997 616 2047 aut
631 1988 761 2066 quonam
774 1990 869 2047 nostri
883 1989 937 2048 tibi
951 2008 1026 2048 cura
1038 1990 1190 2049 recessit?
1277 1994 1336 2051 595

344 2081 377 2141 N
378 2102 416 2142 on
430 2082 513 2161 prilrs
527 2082 687 2161 adspicies,
703 2083 754 2142 ubi
768 2083 881 2143 fessum
896 2092 984 2142 mtnte
999 2092 1153 2161 parentem

342 2175 484 2255 Liqueris
497 2176 677 2236 Anchisen?
699 2185 821 2254 superet
841 2178 989 2253 conjuxne
1004 2177 1136 2250 Creiisa,

341 2271 554 2349 Ascaniusque
568 2290 644 2349 puer
658 2270 669 2327 ἲ
692 2291 768 2348 quos
783 2290 888 2330 omnes
902 2272 1032 2349 undique
1046 2272 1150 2331 Graiae

344 2363 469 2425 Circum
482 2374 584 2424 errant
600 2366 707 2436 acies;
730 2377 771 2437 et,
787 2365 818 2423 ni
834 2384 902 2424 mes
917 2383 991 2425 cura
1005 2366 1135 2437 resistet,

341 2459 411 2518 Jam
432 2458 558 2519 flammae
572 2460 705 2531 tulerint,
722 2459 860 2519 inimicus
874 2468 903 2518 et
917 2460 1050 2519 hauserit
1065 2460 1155 2521 ensis.
1276 2462 1335 2521 600

341 2554 410 2612 Non
424 2554 477 2611 tibi
491 2552 674 2631 Tyndaridis
687 2553 782 2613 t'acies
798 2554 894 2613 invisa
907 2553 1058 2626 Lacaenae,

343 2646 530 2726 culpatusve
543 2647 632 2706 Paris
645 2666 653 2717 ;
678 2644 778 2706 dirrlm
791 2647 994 2719 inclementia,
1011 2647 1118 2719 dirum,

341 2739 411 2800 Has
425 2740 531 2799 evertit
544 2760 628 2819 opes,
644 2742 811 2818 sternitque
826 2760 845 2799 a
859 2741 988 2799 culmine
1002 2740 1134 2818 Trojam.

340 2834 472 2912 Adspice
486 2853 494 2891 :
517 2853 645 2911 namque
659 2854 787 2906 omnem,
806 2854 871 2911 quae
887 2854 967 2893 nuno
981 2834 1112 2893 obducta
1124 2834 1221 2895 tuenti

340 2928 487 2988 Mortales
501 2928 623 2989 hebetat
638 2930 721 2988 visus
734 2930 799 3002 tibi,
816 2938 845 2988 et
860 2928 982 2989 humida
996 2929 1109 2989 circum
1275 2932 1332 2989 605

341 3022 474 3101 Caligat,
491 3025 602 3081 nubem
616 3024 761 3101 eripiam:
784 3032 816 3083 tu
834 3044 872 3083 ne
889 3044 947 3101 qua
965 3023 1096 3102 parentis

339 3116 433 3175 Jussa
446 3116 528 3190 time,
545 3137 604 3176 neu
619 3118 778 3196 preceptis
792 3136 899 3195 parere
913 3136 1033 3176 recusa.

339 3209 414 3281 Hic,
431 3210 480 3269 ubi
495 3211 637 3288 disjectas
650 3212 744 3270 moles
758 3213 925 3289 avulsaque
940 3212 1021 3271 saxis

340 3305 420 3363 Sara
433 3305 527 3376 vides,
541 3306 693 3383 mixtoque
708 3305 871 3364 undantem
885 3306 1008 3385 pulvere
1022 3306 1145 3380 fumum,

339 3398 500 3476 Neptunus
513 3418 615 3458 muros
628 3419 799 3479 magnoque
817 3408 915 3459 emota
928 3399 1048 3459 tridenti
1273 3402 1332 3459 610

338 3492 548 3552 Fundamenta
562 3494 667 3570 quatit,
682 3502 834 3571 totamque
848 3496 885 3553 ab
900 3493 1021 3553 sedibus
1036 3495 1141 3553 urbem

337 3584 435 3646 Eruit.
478 3586 542 3646 Hic
557 3586 639 3646 Juno
653 3588 757 3645 Scaeas
771 3588 937 3647 srevissima
953 3596 1054 3665 portas

337 3680 439 3739 Prima
451 3690 544 3754 tenet,
560 3681 735 3757 sociumque
750 3681 853 3740 surena
868 3702 886 3741 a
901 3682 1028 3741 navibus
1042 3700 1161 3761 agmen,

337 3774 433 3834 Ferro
448 3776 598 3848 accincta,
614 3784 711 3835 vocat.

336 3868 406 3927 Jam
420 3889 551 3929 summas
566 3889 654 3929 arces
666 3869 816 3942 Tritonia,
832 3869 960 3947 respice,
976 3869 1080 3929 Pallas
1271 3870 1330 3929 615

337 3962 461 4035 Insedit,
477 3964 577 4022 nimbo
592 3964 741 4042 effulgens
755 3972 784 4023 et
800 3962 944 4043 Gorgone
959 3964 1050 4023 saeva.

338 4055 407 4134 lpse
419 4057 513 4116 Pater
525 4058 643 4117 Danais
657 4058 773 4117 animos
788 4058 928 4134 viresque
943 4058 1093 4120 secundas

337 4150 452 4209 Sufficit
468 4170 476 4221 ;
500 4152 564 4229 ipse
578 4152 652 4210 deos
666 4152 695 4209 in
710 4151 858 4211 Dardana
871 4152 997 4210 suscitat
1013 4170 1107 4211 arma.

336 4244 441 4322 Eripe,
457 4253 537 4317 nate,
554 4246 667 4323 fugam,
683 4246 832 4323 finemque
847 4246 965 4323 impone
983 4246 1088 4306 labori.

336 4337 494 4416 Nusquam
508 4340 612 4411 abero,
629 4347 658 4397 et
672 4346 768 4397 tutum
785 4340 882 4418 patrio
896 4348 926 4398 te
940 4339 1040 4399 limine
1055 4340 1168 4401 sistam.
1269 4342 1329 4399 620
