3167 5234
383 548 444 607 ης
670 541 698 589 r.
715 538 884 589 vinoun
904 538 1079 589 ursonis

715 959 764 1033 Ε
780 959 816 1032 Ν
832 959 866 1031 E
884 958 901 1032 1
917 956 953 1031 D
971 956 1004 1031 0
1023 956 1051 1032 S

747 1162 1003 1226 urnnuvru.

760 1378 994 1417 -···r······-···

383 1519 431 1579 Ur
444 1518 515 1577 belli
528 1518 647 1597 signum
658 1515 807 1576 Laurenti
819 1516 943 1575 Turnus
956 1516 995 1574 sb
1009 1534 1082 1575 arce

382 1611 508 1684 Extulit,
524 1620 553 1670 et
566 1629 661 1671 reuco
675 1617 866 1686 strepuerunt
879 1626 994 1667 cernue
1007 1616 1107 1679 centu,

379 1705 481 1782 thue
494 1724 583 1763 seres
595 1703 748 1763 concussit
760 1720 866 1779 equos,
883 1710 975 1779 utque
988 1700 1102 1779 impulit
1116 1720 1202 1762 uma
1215 1720 1225 1773 ;

380 1799 538 1875 Extemplo
550 1797 662 1857 turbui
675 1796 766 1855 enimi
779 1815 788 1865 ς
810 1795 898 1854 simul
912 1814 999 1853 omne
1012 1794 1138 1855 tumultu

382 1890 529 1968 Conjurst
542 1889 659 1968 trepido
671 1889 802 1961 Latium,
818 1888 963 1965 seritque
973 1888 1116 1964 juventus
1345 1888 1366 1949 ὅ

380 1985 492 2044 Effera.
535 1984 689 2043 Ductores
701 1982 797 2059 primi,
812 1980 976 2059 Messapus
989 1990 1020 2039 et
1033 1980 1137 2053 Ufens,

381 2077 636 2156 contemptorque
650 2074 738 2134 detim
751 2074 932 2146 Mezentius,
949 2074 1081 2151 undique
1093 2082 1205 2153 cogunt

379 2171 514 2243 Auxilia,
529 2178 560 2229 et
573 2170 651 2228 lstos
665 2176 783 2227 nument
796 2167 960 2227 cultoribus
974 2186 1074 2246 egros.

379 2264 509 2324 Mittitur
521 2272 551 2323 et
564 2263 665 2341 magui
677 2260 816 2321 Venulus
828 2260 984 2319 Diomedis
998 2260 1035 2319 sd
1049 2261 1163 2333 urbem,

380 2355 443 2426 Qui
457 2366 537 2436 petet
551 2356 703 2428 auxilium,
721 2354 867 2427 et,'Lutio
881 2355 1045 2415 consistere
1059 2353 1208 2427 Teucros,
1330 2358 1367 2417 to

379 2451 548 2511 Advectum
560 2451 687 2510 AEnesu
700 2449 802 2522 clessi,
818 2449 972 2526 victosque
986 2448 1117 2507 Penates

380 2542 507 2617 Inferre,
523 2552 554 2603 et
568 2544 636 2603 fetis
649 2560 753 2621 regem
766 2560 800 2604 se
815 2542 915 2601 dicere
931 2541 1024 2619 posci,

379 2637 527 2709 Edocest,
542 2637 711 2712 multosque
724 2636 789 2697 viro
803 2654 836 2695 se
851 2635 1014 2713 adjungere
1027 2641 1135 2713 gentes

380 2734 547 2805 Dardanio,
562 2742 592 2791 et
606 2732 666 2791 istd
680 2731 770 2791 Latio
784 2732 1009 2791 increbrescere
1024 2748 1141 2790 nomen.

381 2824 462 2894 Quid
475 2834 570 2885 struet
584 2826 631 2884 his
643 2825 762 2903 creptis,
778 2842 878 2902 quem,
894 2825 920 2883 si
932 2824 1068 2883 Fortuna
1080 2830 1235 2902 sequetur,
1329 2824 1366 2885 15

380 3013 482 3082 Quin
494 3012 599 3072 Turno
612 3012 688 3091 regi,
704 3022 757 3071 sut
769 3014 836 3091 regi
851 3030 995 3089 eppei-ere
1013 3010 1132 3073 Latino.

417 3107 507 3165 'l'slic
519 3125 573 3184 per
585 3105 706 3164 Latium
719 3124 726 3162 :
749 3125 817 3181 quae
830 3104 1063 3165 Laomedontius
1081 3107 1172 3164 heros

379 3198 501 3261 Cuncts
514 3199 628 3271 videns,
644 3217 753 3277 msgno
767 3217 908 3257 curarum
922 3198 1046 3257 fluctuet
1061 3206 1146 3270 testu,

377 3293 479 3370 Atque
493 3292 623 3351 animum
636 3310 717 3349 nunc
731 3291 791 3350 huc
805 3291 946 3363 celerem,
962 3310 1042 3350 nunc
1055 3290 1157 3349 dividit
1171 3290 1253 3364 illuc,
1325 3295 1367 3353 20

378 3384 414 3443 ln
430 3395 592 3463 partesque
605 3384 683 3461 repit
696 3386 806 3456 varies,
825 3404 937 3461 perque
951 3384 1051 3443 omnis
1063 3392 1172 3445 versut.

379 3478 462 3537 Sicut
476 3496 564 3554 sque
577 3478 737 3536 tremulum
750 3477 843 3535 labris
858 3478 909 3536 ubi
922 3477 1021 3535 lumen
1036 3478 1151 3549 ahenis,

379 3571 449 3631 Sole
462 3589 682 3648 repercussum,
699 3579 751 3629 sut
764 3569 909 3629 redieritis
923 3570 1053 3647 imagine
1067 3570 1157 3643 lunre,

378 3664 487 3724 omnia
501 3664 657 3743 pervolitet
670 3664 730 3722 iste
745 3665 813 3723 locs
827 3684 835 3733 ;
855 3664 977 3740 jamque
990 3665 1046 3722 sub
1061 3683 1150 3723 sures

377 3758 524 3836 Erigitur,
539 3758 705 3833 summique
719 3757 787 3816 ferit
800 3758 958 3834 laquearis
973 3758 1054 3816 tecti.
1324 3762 1365 3819 25

378 3851 406 3910 N
409 3870 447 3909 ox
460 3858 536 3922 eret,
552 3858 582 3909 et
595 3859 693 3909 terres
707 3850 847 3909 mimalia
861 3851 942 3909 sesso
955 3870 1009 3927 per
1022 3870 1136 3923 omnes,

378 3942 513 4001 Alituum
526 3943 733 4020 pecudumque
746 3963 853 4021 genus,
871 3963 960 4022 sopor
974 3944 1051 4003 altus
1064 3944 1215 4017 hebebat3

379 4034 480 4103 Quum
494 4037 622 4113 paterio
636 4036 703 4114 ripis
715 4037 867 4116 gelidique
881 4040 936 4096 sub
952 4038 1072 4097 retheris
1084 4056 1141 4097 exe

378 4130 509 4200 AEness,
525 4129 602 4189 tristi
614 4133 750 4191 turbatus
764 4140 888 4208 pectore
900 4132 990 4204 bello,

377 4220 551 4294 Procubuit,
568 4242 726 4301 seramque
739 4224 820 4283 dedit
834 4244 888 4301 per
900 4227 1034 4283 membre
1049 4225 1189 4302 quietem.
1323 4231 1364 4288 ³0

378 4313 463 4373 Huic
475 4315 551 4374 deus
564 4316 627 4391 ipse
641 4317 711 4388 loci,
726 4318 816 4377 fluvio
829 4319 990 4377 Tiberinus
1005 4338 1133 4393 umoeuc,

379 2919 530 2978 Ereptum
543 2938 652 2998 pugnes
665 2920 777 2996 cupiet,
793 2918 978 2977 manifestius
992 2916 1058 2997 ipsi,
