3167 5234
363 520 427 577 228
649 516 676 562 r.
697 515 864 561 umorum
881 514 1053 566 nasonis

365 652 554 730 Catillusque
568 672 699 731 acerque
713 653 824 723 Coras,
841 652 955 730 Argiva
971 652 1113 729 juventus
1128 672 1136 724 3

363 746 406 805 Et
419 747 543 823 primam
556 755 625 805 ante
640 747 738 805 aciem
750 746 845 805 densa
859 746 936 807 inter
948 748 1008 805 tela
1023 746 1177 807 feruutur:

365 838 433 901 Cau
446 840 505 899 duo
518 841 677 919 nubigena
692 859 783 915 quum
798 840 910 899 vertice
922 841 1029 899 montis
1043 842 1081 897 ab
1096 841 1156 899 aito

363 932 561 993 Descendunt
574 934 731 1005 Centauri,
746 934 897 993 Homolen
911 932 1097 1011 Othrquue
1111 934 1240 995 nivalem
1291 938 1347 998 675

363 1025 551 1104 Linquentes
564 1048 655 1087 cursu
668 1028 773 1105 rapido
786 1048 795 1098 3
819 1028 869 1087 dat
882 1028 1022 1087 euntibus
1036 1028 1143 1105 ingens

364 1120 447 1180 Silva
460 1122 568 1193 iocum,
584 1130 614 1181 et
628 1141 737 1200 magno
754 1121 864 1181 cedunt
878 1122 1007 1199 virgulta
1020 1121 1151 1199 fragore.

403 1214 432 1274 N
435 1234 471 1273 ec
483 1215 677 1274 Praenestinas
690 1214 830 1273 fundator
842 1214 934 1274 desuit
948 1216 1040 1286 urbis,

363 1308 503 1369 Vulcano
516 1311 649 1388 genitum
662 1328 774 1387 pecora
787 1311 865 1368 inter
879 1310 1011 1387 agrestia
1023 1328 1137 1388 regem,

364 1402 580 1481 inventumque
595 1405 670 1463 focis
682 1405 777 1463 omnis
791 1424 880 1481 quem
895 1404 1019 1463 credidit
1034 1414 1118 1475 aetas,

262 1544 268 1557 .
365 1496 518 1557 Caeculus.
559 1499 652 1557 Hunc
665 1498 746 1576 legio
758 1499 819 1557 late
835 1499 991 1559 comitatur
1006 1498 1135 1577 agrestis
1150 1517 1158 1569 3

364 1590 486 1669 Quique
501 1593 592 1650 aitum
605 1591 760 1651 Praeneste
774 1592 840 1663 viri,
858 1592 968 1671 quique
982 1610 1056 1649 arva
1068 1592 1196 1651 Gabinae

363 1684 502 1756 Junonis‚
515 1685 707 1763 gelidumque
720 1686 877 1757 Anienem,
893 1694 923 1743 et
937 1684 1056 1743 roscida
1068 1684 1140 1743 rivis

363 1776 502 1837 Hernica
514 1798 589 1837 saxa
602 1779 704 1838 colunt
716 1799 725 1849 3
749 1798 834 1855 quos,
851 1780 934 1837 dives
948 1780 1096 1857 Anagnia,
1113 1780 1222 1857 pascis,

365 1869 461 1943 Quos,
477 1871 628 1931 Amasene
642 1881 736 1950 pater.
778 1874 808 1931 N
811 1893 848 1931 ou
863 1873 921 1931 illis
935 1874 1070 1931 omnibns
1083 1892 1177 1945 arma,

362 1965 392 2025 N
395 1985 431 2025 ec
445 1966 543 2044 clypei
557 1986 701 2025 currusve
715 1976 822 2027 sonant
838 1986 845 2023 ι
867 1986 937 2044 pars
950 1968 1078 2025 maxima
1091 1967 1217 2045 glandes

363 2056 500 2117 Liuentis
513 2060 624 2137 plumbi
637 2061 750 2138 spargit
764 2080 772 2129 3
797 2080 866 2138 pars
880 2060 996 2137 spicula
1013 2069 1112 2138 gestat

362 2150 441 2210 Bina
452 2171 542 2211 mauu
557 2172 565 2222 3
587 2152 744 2229 fulvosque
758 2153 820 2229 lupi
832 2152 871 2211 de
884 2153 961 2230 pelle
975 2152 1095 2231 galeros

363 2240 500 2323 Tegmeu
513 2246 623 2304 habent
636 2247 727 2324 capiti
739 2266 748 2315 3
771 2247 899 2324 vestigia
912 2246 993 2305 nuda
1006 2246 1119 2307 sinistri

363 2334 523 2397 Instituire
539 2339 633 2417 pedis,
649 2339 760 2398 crudus
772 2340 847 2418 tegit
861 2339 956 2399 altera
970 2359 1051 2417 pero.

400 2432 442 2489 At
455 2431 626 2509 Messapus,
641 2434 752 2508 equium
765 2432 902 2505 domitor,
914 2434 1066 2511 Neptunia
1080 2433 1188 2510 proles,

363 2523 463 2592 Quem
476 2544 574 2601 neque
588 2526 634 2584 sas
647 2526 709 2604 igni
721 2527 862 2603 cuiquam
875 2546 932 2585 neo
945 2534 1079 2586 sternere
1094 2527 1184 2599 ferro,

361 2618 432 2677 Jam
446 2619 559 2696 pridem
572 2619 686 2678 resides
700 2620 835 2697 populos,
851 2620 1035 2697 desuetaque
1050 2622 1129 2680 bello

362 2712 493 2790 Agmina
507 2712 536 2770 in
551 2732 634 2771 arma
647 2722 735 2772 vocat
747 2712 857 2786 subitd,
875 2714 1044 2790 ferrumque
1058 2722 1210 2773 retractat.

362 2802 407 2863 Hi
419 2804 626 2865 Fescenninas
640 2806 732 2878 acies,
749 2807 929 2883 AEquosque
943 2808 1081 2867 Faliscos
1095 2827 1102 2877 3

362 2896 406 2955 Hi
423 2900 556 2957 Soractis
570 2901 680 2958 habent
694 2920 791 2971 arces,
809 2901 1004 2978 Flaviniaque
1019 2920 1101 2973 arva,

361 2988 403 3048 Et
417 2990 528 3051 Cimini
541 3012 608 3051 cum
622 3002 721 3051 monte
735 2995 845 3066 lacum,
861 2994 1005 3071 lucosque
1020 2994 1170 3072 Capenos.

361 3082 451 3143 Ibant
464 3085 575 3161 aequati
588 3106 721 3156 numero,
735 3106 900 3164 regemque
918 3088 1067 3146 canebant
1080 3107 1087 3145 :

362 3174 431 3235 Ceu
449 3177 595 3253 quondam
608 3179 687 3236 nivei
701 3179 814 3257 liquida
827 3181 904 3238 inter
916 3180 1019 3239 nubiia
1032 3180 1130 3257 cycni,

363 3266 464 3335 Quum
478 3288 546 3327 sese
560 3289 577 3327 a
591 3278 677 3347 pastu
691 3272 834 3344 referunt,
851 3281 881 3331 et
895 3273 985 3351 longa
998 3292 1126 3332 canoros

361 3360 444 3420 Dant
458 3381 512 3439 per
524 3363 603 3423 coila
615 3362 718 3423 modos
733 3384 742 3433 3
764 3373 851 3424 sonat
865 3366 969 3439 annuis,
985 3374 1015 3425 ct
1026 3367 1102 3425 Asia
1114 3366 1204 3445 longd

360 3453 454 3513 Pulsa
467 3457 562 3533 palus.

361 3548 390 3607 N
393 3568 429 3607 ec
444 3550 600 3626 quisquam
614 3561 723 3611 aratus
736 3553 817 3611 acies
831 3572 868 3613 en
883 3554 1001 3632 agmine
1015 3560 1098 3614 tanto

262 3654 269 3668 ·
360 3640 485 3701 Misceri
499 3652 580 3721 putet
596 3663 604 3714 3
628 3646 741 3704 uidam
755 3646 808 3705 sed
823 3648 942 3725 gurgite
956 3650 995 3707 ab
1009 3649 1069 3708 alto

360 3732 471 3813 Urqeri
486 3738 638 3797 uolucrum
650 3759 811 3799 raucarum
825 3740 862 3799 ad
877 3741 975 3801 littora
988 3743 1107 3803 nubem
1287 3724 1341 3799 ⁷05

399 3828 494 3901 Ecce,
511 3831 689 3893 Sabinorum
703 3835 801 3910 prisco
815 3835 851 3893 de
866 3836 1024 3913 sanguine,
1039 3854 1180 3915 magnum

360 3921 478 3998 Agmeu
492 3942 586 4000 agens
601 3924 743 3997 Clausus,
759 3928 919 4007 magnique
932 3929 996 4005 ipsa
1010 3930 1137 4007 agminis
1150 3930 1255 4001 instar,

361 4012 491 4073 Claudia
504 4036 584 4075 nunc
598 4038 617 4075 a
631 4038 690 4094 quo
703 4020 877 4080 diffunditur
890 4029 920 4081 et
933 4022 1028 4081 tribus
1042 4032 1071 4081 et
1084 4042 1160 4102 gens

358 4106 421 4165 Per
432 4107 562 4181 Latium,
578 4120 736 4188 postquam
749 4115 779 4172 iu
793 4124 908 4192 partem
921 4115 992 4173 data
1005 4116 1103 4175 Roma
1117 4115 1246 4177 Sabinis.

359 4198 429 4258 Una
441 4201 548 4279 ingens
560 4205 717 4265 Amiterna
731 4207 849 4279 cohors,
866 4208 1016 4285 priscique
1030 4208 1175 4283 Quirites,
1284 4212 1342 4270 'th

358 4293 445 4352 Ereti
458 4314 564 4354 munus
576 4299 682 4371 omnia,
697 4300 900 4377 oliviferaeque
913 4302 1063 4363 Mutuscae
1079 4322 1087 4373 3
