3167 5234
365 559 418 631 uc
641 550 668 597 r.
691 547 861 596 virorem
885 546 1060 596 uuaours

359 690 525 768 Prospicic,
542 689 728 764 sonitumque
743 686 851 767 pedum
864 706 1027 764 vocemque
1040 685 1190 748 memino-

360 783 483 844 Victum
496 782 655 853 infelicem,
670 783 781 843 baccas
795 781 989 861 lapidosaque
1004 799 1107 852 corna,

361 877 444 952 Dant
459 877 544 948 rami,
560 883 590 934 et
604 874 696 936 vulsie
709 883 835 952 pascunt
849 874 1000 933 radicibus
1016 873 1128 934 herba.
1287 875 1347 936 650

362 971 471 1032 Omnia
484 970 672 1040 collustrans,
688 969 766 1028 hano
780 967 904 1047 primum
918 967 956 1025 ed
969 967 1070 1032 littora
1083 967 1211 1028 classem

363 1063 515 1143 Conspexi
530 1065 706 1122 venientem.
748 1061 832 1122 Huic
844 1081 904 1133 me,
920 1079 1116 1139 quaecumque
1130 1059 1246 1132 luisset,

362 1157 492 1217 Addixi:
515 1156 588 1216 satis
601 1165 646 1216 est
660 1163 779 1236 gentem
792 1156 935 1234 effugisse
949 1154 1114 1214 nefandam.

364 1249 427 1308 Vos
440 1249 568 1309 animem
583 1249 659 1308 hanc
672 1248 769 1327 potiirs
783 1266 971 1324 quocumque
985 1247 1131 1306 absumite
1145 1246 1215 1306 leto.

400 1341 460 1402 Vis
474 1361 512 1402 ea
526 1344 604 1402 satus
618 1350 693 1413 erat,
710 1361 824 1401 summo
839 1360 929 1418 quum
941 1350 1041 1400 monte
1056 1339 1189 1400 videmus
1286 1342 1345 1400 656

364 1433 464 1514 Ipsum
478 1437 554 1496 inter
569 1436 699 1514 pecudes
714 1435 800 1496 vestri
811 1453 845 1494 se
859 1435 935 1495 mole
949 1444 1118 1495 moventem

361 1529 517 1590 Pastorem
531 1530 756 1607 Polyphemum,
772 1537 803 1586 et
816 1529 916 1586 littora
928 1535 1000 1587 nota
1016 1535 1165 1604 petentem
1177 1546 1187 1597 ;

361 1621 529 1682 Monstrum
537 1621 726 1692 horrendum,
736 1621 870 1694 informe,
878 1622 995 1700 ingens,
1004 1621 1053 1680 cui
1061 1621 1160 1680 lumen
1169 1620 1345 1702 ademptum.

361 1716 486 1776 Trunca
499 1735 588 1776 manu
602 1717 688 1794 pinus
701 1715 778 1794 regit
792 1724 822 1774 et
836 1716 962 1793 vestigia
977 1716 1083 1774 firmet.

361 1809 523 1889 Lanigerae
536 1811 713 1869 comitantur
727 1828 800 1870 oues
812 1828 821 1880 3
844 1828 883 1869 ea
894 1809 959 1868 sola
972 1809 1119 1886 voluptas,
1287 1811 1347 1877 660

363 1903 562 1980 solamenque
576 1903 654 1962 mali.
926 1955 930 1962 .

361 1995 525 2073 Postquam
538 1997 615 2055 altos
628 1996 723 2076 tetigit
737 1995 856 2066 fluctus,
872 2004 901 2054 et
915 1995 953 2058 ad
967 2014 1090 2073 aequora
1103 1995 1194 2070 venit,

361 2090 499 2149 Luminis
512 2090 612 2159 effossi
626 2090 747 2149 fluidum
761 2090 832 2149 lavit
846 2088 914 2148 iude
928 2108 1076 2162 cruorem,
1202 2091 1209 2104 ’

362 2183 512 2242 Dentibus
524 2183 696 2244 infrendens
709 2184 821 2262 gemitu
833 2202 842 2254 ;
865 2182 1060 2262 graditurque
1074 2202 1128 2260 per
1140 2201 1244 2265 equor

362 2276 432 2339 er
445 2277 582 2349 medium,
599 2277 727 2336 necdum
739 2277 848 2337 fluctus
862 2277 958 2335 latere
972 2276 1066 2336 ardua
1076 2277 1171 2336 tinxit.
1288 2277 1347 2336 666

362 2370 391 2430 N
394 2389 428 2428 os
443 2372 545 2448 procul
558 2369 626 2429 inde
640 2371 740 2448 sugam
753 2369 861 2448 trepidi
874 2370 1020 2442 celerare,
1035 2379 1158 2446 recepto

364 2464 513 2542 supplice,
530 2464 574 2524 sic
588 2464 692 2524 meritd
706 2484 714 2533 ;
737 2465 881 2542 tacitique
895 2464 1027 2524 incidere
1042 2464 1161 2523 limem:

362 2557 520 2616 Verrimus
534 2565 563 2615 et
578 2559 662 2635 proni
676 2559 860 2618 certantibus
875 2577 997 2635 aequora
1009 2557 1109 2618 remis.

363 2651 473 2722 Sensit,
489 2659 519 2710 et
533 2651 570 2708 ed
584 2653 712 2710 sonitum
725 2651 809 2710 vocis
823 2653 950 2730 vestigia
962 2651 1057 2710 torsit.

362 2743 487 2816 Verium,
503 2745 553 2802 ubi
568 2744 649 2803 nulla
662 2744 751 2804 datur
764 2743 870 2804 dextri
883 2745 1026 2804 affectare
1040 2752 1182 2822 potestas,
1289 2747 1349 2806 6Ἰο

363 2838 392 2897 N
394 2857 430 2896 ec
444 2837 520 2915 potia
534 2836 635 2896 Ionios
648 2835 756 2896 fluctus
771 2856 891 2914 aequare
907 2838 1071 2915 sequendo,

364 2929 535 2991 Clamorem
549 2930 723 2990 immensum
737 2931 822 3003 tollit,
839 2950 898 3009 quo
912 2940 1018 3008 pontus
1031 2939 1061 2989 et
1074 2949 1177 2992 omnes

363 3021 549 3085 Intremudre
564 3023 661 3094 unda,
678 3024 854 3101 penitirsque
869 3025 1011 3084 exterrita
1023 3025 1113 3084 tellus

363 3115 470 3187 ltalia),
487 3116 646 3194 curvisque
661 3116 805 3196 immugiit
820 3115 913 3176 AEtna
925 3119 1072 3177 cavernis.

362 3211 404 3268 At
417 3228 513 3290 genus
528 3229 545 3266 e
559 3209 642 3268 silvis
656 3208 824 3290 Cyelopum
837 3219 867 3270 et
880 3212 1029 3272 montibus
1042 3212 1110 3271 altis
1288 3211 1346 3270 ete

362 3302 504 3361 Excitum
517 3301 574 3361 ruit
589 3302 626 3360 ad
640 3311 753 3382 portus,
768 3313 799 3362 et
812 3303 912 3364 littora
924 3305 1080 3383 complent.

364 3393 524 3455 Cernimus
541 3395 692 3456 adstantes
706 3397 907 3474 nequidquam
920 3399 1030 3458 lumine
1044 3408 1129 3458 torvo

362 3488 503 3548 AEtnreos
516 3489 635 3560 iratres,
650 3490 729 3548 coelo
744 3490 842 3568 capita
855 3491 917 3550 alta
930 3491 1071 3564 serentes,

364 3578 533 3647 Concilium
547 3583 725 3644 horrendum
740 3602 748 3652 ;
760 3585 879 3659 quales
892 3604 982 3660 quum
995 3586 1107 3645 vertice
1122 3585 1204 3646 celso

365 3674 465 3739 Aesim
481 3695 610 3753 quercus
624 3685 675 3734 aut
689 3676 829 3735 coniferae
843 3678 989 3754 cyparissi
1287 3679 1347 3738 660

363 3768 580 3842 constiterunt,
596 3771 672 3828 silva
686 3769 747 3828 alte
758 3769 855 3842 Jovis,
871 3771 995 3830 lucusve
1008 3771 1127 3832 Diante.

362 3864 535 3943 Pracipites
549 3877 646 3924 metus
660 3883 732 3924 acer
746 3865 807 3944 agit
822 3865 1010 3944 qudcumque
1027 3868 1170 3928 rudentes

362 3957 525 4030 Excutere,
541 3967 570 4020 et
584 3959 680 4019 ventis
693 3959 848 4018 intendere
862 3961 929 4020 vela
941 3961 1090 4022 secundis.

363 4049 488 4123 Contrd,
507 4051 593 4127 jussa
606 4061 726 4112 mouent
739 4052 853 4115 Heleni
866 4054 998 4130 Scyllam
1011 4063 1100 4132 atque
1114 4052 1300 4135 Charybdin

364 4141 457 4216 luter,
473 4153 628 4221 utramque
643 4146 721 4206 viam
735 4146 785 4206 leti
800 4146 969 4206 discrimine
986 4167 1089 4226 parvo,
1287 4146 1346 4208 605

364 4238 405 4297 Ni
418 4245 539 4296 teneant
553 4257 659 4296 cursus
673 4258 679 4296 :
702 4248 817 4300 certum
830 4250 875 4301 est
889 4242 962 4300 dere
976 4240 1068 4300 lintea
1080 4249 1170 4304 retro.

360 4331 446 4393 Ecce
460 4337 561 4393 autern
573 4331 699 4406 Boreas,
716 4333 846 4414 angusta
859 4337 897 4396 ab
910 4335 983 4403 sede
995 4334 1098 4397 Pelori
