3167 5234
580 564 753 615 AENEIDOS
772 566 841 613 us.
857 564 892 613 ll.

238 702 387 765 Eductam
400 703 499 775 tectis,
516 703 594 763 unde
607 704 703 763 omnis
715 704 809 780 Troje
823 700 928 773 videri,

239 798 278 857 m
289 795 433 858 Danarim
446 798 541 857 solite
554 817 658 869 naves,
674 807 704 857 et
717 797 837 858 Achaia
857 804 968 867 eastra,

238 893 385 971 Aggressi
398 892 478 951 ferro
491 892 616 963 oircirm,
632 890 694 967 quai
705 910 821 951 summa
835 891 972 949 labantes

237 986 402 1046 Juncturas
414 985 551 1044 tabulata
563 984 685 1056 dabant,
699 984 895 1045 convellimus
909 982 977 1042 altis

237 1078 376 1151 Sedibus,
392 1078 629 1156 impulimusque.
671 1078 719 1136 Ea
731 1078 816 1155 lapsa
829 1075 952 1154 repente
971 1074 1087 1135 ruinam
1165 1074 1223 1133 466

238 1171 316 1232 Cum
330 1172 430 1231 sonitu
442 1172 544 1242 trabit,
559 1180 589 1229 et
602 1167 744 1231 Danaim
756 1188 848 1248 super
862 1169 980 1247 egmina
993 1167 1053 1227 late

238 1264 354 1324 Incidit.
396 1264 455 1323 Ast
469 1264 519 1323 alii
532 1266 681 1323 subeunt:
704 1283 761 1323 nec
774 1282 858 1336 saxa,
874 1282 930 1321 nec
944 1262 1035 1321 ullum

237 1358 382 1417 Telorum
394 1358 511 1417 interea
523 1366 624 1417 cessat
637 1377 743 1437 genus.

237 1450 427 1509 Vestibulum
439 1459 509 1509 ante
522 1453 619 1530 ipsum
633 1452 786 1529 primoque
802 1450 831 1509 in
845 1449 945 1509 limine
958 1448 1094 1527 Pyrrhus

238 1544 386 1615 Exsultat,
401 1543 470 1602 telis
482 1552 512 1601 et
525 1544 594 1603 luce
607 1564 753 1603 coruscus
771 1542 889 1603 aheni:

238 1640 345 1707 Qualis
357 1639 409 1697 ubi
423 1639 454 1697 in
467 1639 565 1697 lucem
578 1640 713 1711 coluber,
728 1640 808 1699 mala
820 1638 957 1718 gramina
971 1646 1083 1715 pastus,

236 1732 364 1811 Frigida
376 1733 433 1789 sub
445 1731 530 1791 terrei
542 1733 685 1791 tumidum
699 1752 788 1809 quem
801 1734 907 1791 brume
920 1732 1052 1809 tegebat,

236 1825 328 1884 Nunc
341 1824 445 1903 positis
458 1844 553 1885 novus
571 1826 696 1899 exuviis,
712 1826 881 1901 nitidusque
898 1822 1035 1901 juventi,

234 1917 370 1978 Lubrica
383 1920 543 1992 convolvit,
558 1921 676 1979 sublato
689 1927 822 1999 pectore,
837 1928 925 1997 terga

236 2013 359 2071 Arduus
371 2012 410 2071 ad
423 2013 526 2085 solem,
543 2014 573 2071 et
587 2014 696 2091 linguis
708 2014 799 2073 micat
812 2032 864 2071 ore
877 2010 1021 2071 trisulcis.

236 2104 306 2165 Uni
318 2107 427 2185 ingens
440 2106 598 2185 Periphas,
614 2117 644 2165 et
658 2126 803 2185 equorum
817 2107 946 2185 agitator
958 2104 1085 2164 Achillis

237 2200 378 2278 Armiger
390 2199 589 2272 Automedon,
604 2200 666 2259 unzi
678 2200 772 2259 omnis
786 2201 894 2279 Scyria
908 2200 1012 2277 pubes,

239 2292 410 2351 Succedunt
423 2301 514 2365 tecto,
530 2300 561 2351 et
574 2292 708 2353 flammas
721 2294 759 2351 ad
772 2293 904 2353 culmina
919 2292 1045 2368 jactant.

238 2383 305 2463 lpse
315 2385 394 2443 inter
404 2386 513 2464 primos
526 2384 667 2463 correpti
680 2386 755 2445 dura
768 2384 890 2463 bipenni

236 2475 355 2537 Limine
368 2478 540 2557 perrumpit,
556 2486 717 2556 posteaque
732 2497 750 2535 e
764 2477 980 2563 cardine-vellit

237 2570 381 2640 AEratos;
399 2570 534 2647 jamque,
550 2570 656 2629 excisii
667 2572 764 2643 trabe,
781 2571 867 2629 firma
880 2569 997 2629 cavavit

203 2662 371 2756 „Roborm
387 2672 417 2722 et
431 2664 582 2741 ingentem
596 2664 656 2722 lato
669 2664 748 2723 dedit
761 2683 814 2723 ore
828 2663 998 2721 fenestram.

205 2759 209 2770 '
238 2756 371 2834 Apparet
385 2756 490 2815 domus
503 2756 593 2829 intus,
609 2766 639 2815 et
653 2758 729 2816 atria
742 2758 830 2835 longa
846 2762 1001 2835 patescunt
1014 2774 1023 2827 ;

236 2850 388 2928 Appment
400 2850 514 2910 Priami
527 2859 557 2909 et
571 2860 706 2910 veterum
718 2852 883 2929 penetralia
896 2868 1001 2929 regum
1014 2868 1023 2920 ;

236 2943 436 3019 Armatosqua
449 2943 551 3003 vident
563 2952 678 3002 stantes
691 2946 721 3003 in
733 2945 834 3003 limine
849 2944 950 3023 primo.

275 3038 315 3096 At
329 3036 435 3097 domus
448 3037 571 3095 interior
583 3038 695 3116 gemitu
709 3038 878 3115 miseroque
892 3038 1019 3097 tumultu

236 3128 403 3199 Miscetur3
426 3129 604 3207 penitirsque
620 3150 703 3190 cavae
718 3131 911 3210 plangoribus
925 3130 1005 3189 aedes

236 3221 400 3283 Fremineis
413 3222 527 3283 ululant
541 3242 549 3292 ;
572 3223 640 3282 serit
652 3244 746 3283 aurea
759 3224 860 3283 sidere
874 3224 996 3283 clamor.

235 3314 313 3374 'l'um
327 3315 442 3393 pavidae
452 3315 540 3374 tectis
553 3324 664 3375 matres
678 3316 848 3395 ingentibus
862 3324 975 3389 errant,

234 3408 449 3485 Amplexaeque
463 3417 565 3468 teneat
578 3417 689 3487 postes,
705 3417 794 3486 atque
809 3409 913 3468 oscula
927 3408 1030 3487 figunt.

237 3497 332 3557 Instat
345 3499 375 3558 vi
389 3501 484 3577 patrii
496 3500 632 3577 Pyrrhus
646 3519 653 3570 ;
677 3518 734 3559 nec
748 3500 881 3559 claustra
896 3520 994 3577 neque
1009 3501 1065 3579 ipsi

237 3591 389 3651 Custodes
402 3594 528 3651 sufferre
542 3593 652 3653 valent.
693 3593 792 3653 Labat
807 3594 900 3653 ariete
919 3596 1026 3653 crebro

235 3685 347 3757 Janua,
364 3694 394 3743 et
407 3686 497 3744 emoti
509 3688 705 3765 procumbunt
719 3688 841 3747 cardine
856 3695 965 3766 poetes.

235 3777 287 3836 Fit
300 3778 350 3836 via
362 3778 391 3837 vi
405 3798 413 3847 3
436 3789 575 3857 rumpunt
590 3780 696 3851 aditus,
713 3781 882 3858 primosque
895 3778 1045 3838 trucident

235 3868 364 3929 lmissi
377 3870 488 3943 Danai,
505 3880 534 3930 et
549 3872 608 3931 late
623 3873 690 3931 loca
704 3873 795 3931 milite
815 3870 971 3949 complent.
1163 3872 1221 3931 495

235 3962 264 4021 N
267 3982 305 4020 on
318 3963 373 4036 sic,
389 3965 552 4042 aggeribus
564 3965 659 4043 ruptis
673 3984 764 4041 quum
777 3982 918 4041 spumeus
931 3964 1025 4023 amnis

235 4054 328 4127 Exiit,
343 4058 555 4134 oppositasque
568 4058 657 4117 evicit
671 4057 790 4137 gurgite
805 4057 909 4129 moles,

236 4146 347 4206 Fertur
358 4149 389 4207 in
403 4168 477 4208 arva
490 4150 593 4209 t'urens
608 4151 736 4220 cumulo,
753 4169 932 4228 camposque
949 4169 1003 4229 per
1015 4170 1118 4211 omnes

237 4238 316 4299 Cum
328 4242 454 4301 stabulis
468 4251 603 4301 armenta
615 4243 715 4303 trehit.
757 4242 828 4301 Vidi
841 4244 904 4323 ipse
919 4244 1065 4303 furentem

237 4332 331 4393 Cede
344 4334 583 4414 Neoptolemum,
599 4337 793 4416 geminosque
807 4338 838 4396 in
851 4338 951 4396 limine
965 4338 1104 4399 Atridas:
1161 4342 1220 4399 500

514 4434 546 4488 ll
928 4448 946 4489 r
