3167 5234
563 542 735 591 &Nereos
755 544 824 591 uta.
839 544 902 591 vll.

240 682 390 765 Tegmina
402 690 468 742 tuta
480 691 588 741 cavant
601 684 742 760 capitum,
757 684 940 761 flectuntque
954 684 1088 764 salignea

239 778 408 839 Umhonum
422 784 523 836 crates
535 795 544 846 ;
568 777 619 834 alii
631 777 773 835 thoracas
786 778 908 850 ahenos,

239 874 302 931 Aut
315 873 399 931 leves
412 888 520 930 ocreas
533 870 614 929 lento
626 870 738 929 ducunt
751 879 887 949 argento.

238 965 452 1024 Venerianus
466 972 496 1022 et
510 964 595 1021 lalcis
607 965 712 1035 honos,
728 965 787 1023 huc
801 965 896 1024 omnis
910 966 1003 1025 aratri

241 1058 344 1120 Cessit
358 1078 462 1128 amor-3
484 1072 651 1135 recoquunt
665 1059 776 1135 patrios
789 1059 961 1119 fornacibus
974 1078 1071 1119 enses.

240 1151 382 1213 Classica
398 1152 519 1228 jamque
531 1160 638 1210 sonant
652 1173 659 1223 ;
684 1154 706 1210 it
719 1153 797 1211 bello
810 1162 926 1212 tessera
939 1154 1066 1231 signum.

239 1246 304 1305 Hic
316 1247 436 1325 galeam
447 1248 535 1305 tectis
547 1247 682 1323 trepidus
695 1248 770 1325 rapit
784 1266 792 1317 3
816 1248 866 1306 ille
881 1248 1042 1307 frementes

239 1340 288 1398 Ad
304 1341 382 1419 juga
394 1341 474 1419 cogit
487 1360 592 1418 equos,
608 1341 805 1419 clypeumque
821 1362 952 1420 auroque
966 1344 1094 1403 trilicem

238 1430 382 1491 Loricam
396 1434 534 1505 induitur,
551 1434 669 1510 fidoque
684 1435 852 1513 accingitur
865 1456 948 1497 ense.

278 1526 406 1585 Pandite
419 1546 499 1585 nunc
512 1528 674 1599 Helicona,
690 1527 777 1600 Dete,
793 1538 959 1606 cautusque
974 1538 1101 1601 movete,

242 1619 303 1688 Qui
316 1622 395 1679 bello
408 1623 498 1680 exciti
512 1640 611 1700 reges,
628 1642 695 1698 quer
712 1642 859 1699 quemque
873 1632 987 1681 secutae

242 1713 427 1792 complerint
441 1734 561 1794 campos
575 1717 677 1785 acies;
702 1716 810 1791 quibus
825 1714 902 1775 Itala
918 1716 980 1792 jam
994 1724 1056 1775 tum

239 1806 390 1865 Floruerit
402 1816 484 1867 terra
496 1810 575 1867 alma
587 1809 669 1880 viris,
686 1809 794 1885 quibus
809 1808 914 1868 arserit
929 1810 1029 1869 armis.

238 1898 279 1959 Et
292 1901 467 1959 meministis
480 1903 569 1973 enim,
585 1902 683 1972 Dite,
698 1910 728 1960 et
743 1920 907 1960 memorare
923 1902 1063 1979 potestis:

238 1994 286 2053 Ad
299 2014 355 2053 nos
369 1996 417 2053 vix
430 1996 528 2054 tenuis
542 1996 628 2055 seme
642 1996 806 2073 perlabitur
823 2015 907 2055 aura.

278 2085 398 2146 Primus
412 2088 465 2146 init
480 2088 589 2146 bellum
602 2089 768 2165 Tyrrhenis
781 2106 870 2165 asper
884 2089 922 2145 ab
935 2087 996 2145 oris

239 2178 434 2257 contemptor
446 2178 546 2239 dietim
561 2180 745 2251 Mezentius,
761 2180 939 2257 agminaque
959 2188 1064 2239 armat.

237 2272 334 2332 Filius
347 2275 417 2333 huie
433 2274 521 2350 juxti
531 2274 663 2346 Leucus,
680 2294 739 2351 quo
752 2274 905 2351 pulchrior
919 2275 995 2333 alter

237 2366 307 2426 Non
321 2368 387 2439 luit,
401 2376 527 2445 excepto
539 2367 701 2426 Laurentis
714 2387 841 2445 corpore
856 2366 959 2425 Turni.

237 2458 368 2532 Lausus,
384 2458 493 2537 equiun
507 2461 642 2532 domitor,
658 2460 881 2537 debellatorque
896 2461 1037 2531 ferorum,

237 2552 331 2613 Ducit
343 2553 487 2632 Agylliud
500 2555 700 2631 nequidquam
713 2573 751 2612 ex
766 2555 840 2611 urbe
855 2561 975 2611 secutos

237 2644 323 2705 Mille
336 2647 417 2705 viros
432 2666 440 2717 ;
463 2648 581 2726 dignus,
598 2648 701 2724 patriis
714 2648 766 2723 qui
779 2647 876 2705 laetior
888 2654 969 2704 esset

239 2738 385 2817 imperiis,
401 2748 431 2799 et
444 2742 494 2799 cui
507 2750 594 2818 peter
606 2740 685 2798 haud
699 2740 869 2799 Mezentius
882 2748 972 2799 esset.

275 2832 349 2892 Post
362 2832 417 2892 hos
430 2834 577 2913 insignem
590 2834 689 2911 palmia
702 2853 757 2911 per
768 2834 905 2911 gramina
918 2852 1049 2905 currum,
1164 2834 1222 2893 656

238 2924 437 3003 Victoresque
450 2936 579 2986 ostentet
592 2947 698 3004 equos,
713 2934 796 2989 satus
810 2926 946 2986 Hercule
961 2927 1085 3004 pulchro

237 3018 369 3079 Pulcher
381 3020 549 3080 Aventinus
564 3040 572 3090 ;
595 3022 771 3099 clypeoque,
786 3022 903 3099 insigne
918 3029 1083 3098 paternum,

239 3112 370 3173 Centum
382 3134 507 3192 angues,
523 3116 712 3191 cinctamque
725 3116 803 3193 gerit
816 3115 1003 3192 serpentibus
1017 3113 1156 3192 Hydram
1169 3132 1177 3171 τ

239 3206 335 3267 Collis
348 3209 489 3266 Aventini
502 3207 579 3267 sileri
593 3228 680 3285 quent
694 3208 783 3266 Rhea
796 3208 938 3267 sacerdos

236 3299 394 3359 Furtirum
409 3310 495 3378 partu
509 3303 565 3359 suh
580 3302 697 3360 luminis
711 3302 801 3361 edidit
815 3320 895 3373 oras,
1164 3302 1223 3359 660

237 3392 339 3453 Mixta
351 3394 408 3452 deo
421 3394 536 3466 mulier,
554 3406 708 3472 postquam
721 3395 888 3454 Laurentia
900 3394 1006 3467 victor,

236 3484 381 3563 Geryone
395 3488 553 3558 exstineto,
567 3488 742 3565 Tirynthius
755 3488 852 3566 attigit
867 3506 950 3559 arva,

237 3578 456 3657 Tyrrhenoque
470 3581 563 3638 boves
577 3581 607 3639 in
620 3580 740 3639 flumine
754 3581 824 3639 lavit
839 3580 954 3643 Iberes.

237 3670 305 3729 Pila
318 3691 408 3731 manu
422 3691 577 3748 serosque
590 3681 699 3750 gerunt
712 3673 742 3731 iu
757 3674 836 3732 bella
849 3672 971 3731 dolones
985 3690 993 3743 ;

236 3763 278 3823 Et
290 3765 380 3823 tereti
393 3774 526 3842 pugnant
539 3784 692 3837 mucrone,
708 3784 841 3841 veruque
856 3765 985 3825 Sabello.
1164 3766 1222 3825 665

238 3858 308 3935 lpse
322 3858 425 3934 pedes,
440 3866 581 3935 tegumen
593 3868 738 3934 torquens
750 3859 878 3917 immane
892 3858 997 3929 leonis,

238 3948 380 4009 Terribili
393 3952 541 4029 impexum
555 3952 631 4023 sete,
648 3971 716 4011 cum
730 3952 867 4009 dentibus
881 3952 966 4023 albis,

237 4042 364 4103 indutus
378 4045 489 4122 capitit
511 4046 555 4103 sic
568 4046 654 4123 regia
667 4052 748 4103 tecta
761 4045 880 4103 subibat

236 4134 399 4208 Horridus,
415 4138 631 4214 Herculeoque
645 4140 784 4196 humeros
797 4138 923 4196 innexus
936 4137 1054 4198 amictu.

273 4234 356 4293 Tum
368 4234 480 4311 gemini
493 4235 602 4293 iratres
615 4234 754 4294 Tiburtia
765 4234 877 4292 moenia
889 4234 1036 4311 linquunt,
1164 4237 1223 4295 eto

234 4325 355 4386 Fratris
367 4328 486 4386 Tiburti
500 4328 608 4387 dictam
619 4327 796 4405 cognomine
813 4335 944 4407 gentem,
