3167 5234
373 551 429 610 144
660 545 1064 595 r.vrscrn11nraeorvrs
1168 569 1171 578 ·

317 709 334 737 ι·
411 683 531 744 Interea
548 684 644 744 sessos
658 693 764 744 ventus
777 704 844 743 cunr
858 684 922 743 sole
935 685 1055 762 reliquit
1067 703 1077 755 ;

372 777 533 858 Ignarique
547 779 613 849 viss,
629 776 797 855 Cyclopum
811 778 968 836 allabinrur
979 779 1050 838 oris.

370 869 481 930 Portus
495 873 532 930 ab
546 889 672 930 accessu
688 878 843 930 ventorum
859 871 1006 943 immotus,
1022 879 1052 928 et
1070 870 1177 949 ingens
1293 873 1354 930 570

371 963 441 1042 Ipse
459 985 467 1035 ;
490 965 542 1024 sed
561 964 708 1023 horrificis
724 964 812 1040 juxta
823 973 907 1023 tonat
920 965 1018 1024 AEtna
1031 965 1137 1036 ruinis,

372 1058 584 1136 Interdumque
599 1067 694 1118 atram
708 1062 870 1136 prorumpit
884 1059 922 1123 ad
936 1058 1048 1118 {ethera
1060 1060 1181 1130 nubem,

370 1151 505 1211 Turbine
519 1152 680 1211 fumantem
696 1153 790 1229 piceo,
808 1161 838 1210 et
850 1153 997 1210 candente
1012 1149 1138 1220 savillia3

371 1245 546 1322 Attollitque
560 1245 666 1324 globos
679 1245 872 1316 flammarum,
888 1251 918 1303 et
931 1245 1032 1303 sidera
1044 1244 1145 1303 lambit
1160 1262 1168 1301 ι

371 1337 523 1398 Interdum
537 1338 675 1415 scopulos
690 1339 855 1415 avulsaque
869 1337 987 1396 viscere
1004 1337 1110 1395 montis
1178 1386 1184 1403 ,
1292 1339 1351 1396 575

370 1431 469 1510 Erigit
487 1441 639 1502 eructans,
655 1431 876 1507 liquefactaque
889 1451 963 1489 saxa
976 1432 1032 1488 snb
1046 1449 1136 1489 auras

371 1523 451 1585 Cum
467 1523 577 1602 gemitu
592 1524 747 1601 glomerat,
764 1523 914 1599 fundoque
928 1531 1072 1583 exeretnat
1086 1523 1153 1582 imo.

371 1616 466 1677 Fama
479 1626 534 1688 est,
549 1615 696 1675 Enceladi
712 1617 884 1674 semiustum
897 1616 1018 1675 fulmine
1032 1636 1141 1693 corpus

371 1709 481 1789 Urgeri
497 1711 573 1768 mole
587 1707 656 1780 hic,
672 1708 882 1787 ingentemque
896 1709 1017 1787 insuper
1030 1710 1157 1769 AEtnam

350 1802 543 1882 'Impositum
557 1801 651 1879 ruptis
665 1801 812 1860 flammam
825 1802 978 1880 exspirare
991 1803 1117 1862 caminis
1132 1821 1140 1873 ;
1293 1805 1352 1862 580

265 1887 267 1892 ⁵
372 1899 423 1971 Et,
439 1899 551 1958 sessum
565 1897 680 1975 quoties
694 1906 785 1956 mutet
804 1898 893 1969 latus,
908 1898 1067 1958 intremere
1080 1917 1198 1957 omnem

371 1991 527 2050 Murmure
540 1991 739 2062 Trinacriam,
756 1999 786 2050 et
800 1991 910 2050 coelum
922 1994 1081 2052 subtexere
1095 1993 1184 2052 fumo.

372 2179 554 2240 Perierimns
569 2197 577 2250 ;
600 2197 668 2250 nec,
685 2197 751 2255 qnae
766 2179 893 2238 sonitum
906 2179 957 2238 det
970 2199 1074 2250 causa,
1090 2179 1243 2239 videmus:

371 2273 400 2332 N
404 2291 451 2332 am
465 2292 563 2350 neque
577 2281 662 2332 erent
676 2280 823 2330 astrorum
836 2273 933 2350 ignes,
949 2291 1006 2332 nec
1020 2273 1137 2332 lucidus
1148 2272 1245 2334 ethra
1294 2275 1353 2332 685

372 2364 498 2426 Siderei
511 2366 596 2445 polus
612 2386 620 2435 ;
643 2367 772 2424 obscuro
786 2366 839 2424 sed
852 2367 954 2425 nubila
967 2367 1067 2438 coelo;

372 2460 412 2519 Et
425 2460 526 2519 lunam
540 2460 569 2519 in
582 2459 682 2518 nimbo
696 2477 754 2517 nox
767 2459 945 2537 intempesta
956 2461 1087 2519 tenebat.

411 2552 538 2612 Postera
553 2553 676 2629 jamque
691 2551 755 2610 dies
769 2552 863 2630 primo
876 2554 1020 2629 surgebat
1038 2553 1116 2625 Eoo,

372 2644 614 2722 Humentemqne
628 2647 747 2705 Aurora
761 2646 830 2722 polo
843 2645 1005 2704 dimoverat
1021 2648 1154 2704 umbram
1167 2666 1176 2717 ;

372 2736 475 2806 Quum
488 2738 585 2797 subitd
600 2757 617 2796 e
630 2739 723 2809 silvis,
740 2739 836 2796 macie
850 2737 987 2796 confecta
1000 2737 1151 2816 supremi,
1294 2740 1355 2800 590
1415 2761 1419 2766 ·

372 2831 472 2910 Ignoti
485 2851 562 2890 nova
575 2831 670 2891 forma
684 2833 749 2904 viri,
765 2832 992 2909 miserandaque
1004 2834 1098 2905 cultu,

371 2923 523 2996 Procedit,
539 2925 722 3002 supplexque
737 2924 894 2983 manased
911 2925 1011 2984 littore
1024 2926 1126 2985 tendit.

372 3015 582 3094 Respicimus:
605 3017 670 3075 dira
683 3017 810 3087 illuvies,
826 3017 1015 3094 immissaque
1031 3021 1134 3089 barbe,

372 3107 555 3169 Consertnm
571 3117 710 3188 tegumen
725 3111 817 3187 spinis
832 3129 840 3179 ;
864 3120 894 3169 at
909 3122 1020 3170 caetera
1033 3112 1155 3180 Graius,

371 3201 412 3262 Ut
426 3202 574 3278 quondam
588 3203 690 3280 patriis
705 3203 742 3262 ad
762 3203 885 3281 Trojam
898 3205 1006 3263 missus
1020 3206 1050 3263 in
1061 3206 1160 3265 armis.
1293 3207 1353 3266 595

372 3295 463 3372 Isque
478 3296 528 3354 ubi
545 3295 716 3354 Dardanios
733 3297 853 3356 habitus
865 3307 896 3355 et
908 3296 1004 3356 Troia
1017 3297 1089 3357 vidit

372 3389 466 3449 Arma
486 3390 600 3467 procul,
617 3391 736 3467 paulbrn
750 3391 893 3467 adspectu
908 3394 1086 3451 conterritus
1099 3393 1195 3466 hesit,

373 3482 587 3560 Continuitque
602 3482 727 3561 gradum
743 3503 751 3553 ;
775 3503 842 3542 mox
856 3503 923 3542 sese
938 3486 975 3543 ed
989 3485 1088 3544 littora
1102 3506 1236 3566 praeceps

372 3574 453 3636 Cum
466 3576 537 3635 lietu
553 3575 749 3654 precibusque
763 3577 830 3635 tulit
845 3596 853 3634 :
874 3578 935 3637 Per
948 3578 1047 3637 sidera
1059 3587 1163 3652 testor,

373 3666 435 3729 Per
448 3670 589 3748 Superos,
606 3677 694 3745 atque
709 3669 766 3728 boe
780 3670 850 3729 coeli
863 3670 1004 3748 spirabile
1017 3673 1127 3744 lumen,
1295 3675 1354 3734 θα)

370 3763 480 3823 Tollite
494 3781 554 3836 me,
568 3763 701 3833 Teucri;
724 3783 927 3841 quascumque
941 3765 1079 3824 abducite
1092 3773 1200 3838 terras,

371 3858 441 3916 Hoc
454 3865 501 3916 sat
520 3859 584 3917 erit.
628 3858 697 3916 Scio
711 3875 757 3916 me
771 3858 888 3917 Danais
901 3878 919 3917 e
933 3860 1080 3918 classibus
1094 3877 1194 3932 unum,

370 3949 411 4008 Et
424 3951 504 4009 bello
517 3950 626 4010 Iliacos
640 3951 735 4010 sateor
748 3953 869 4030 petiisse
882 3951 1022 4012 Penates.

370 4041 431 4102 Pro
445 4062 514 4120 quo,
531 4044 556 4102 si
571 4045 695 4103 sceleris
707 4053 791 4104 tanta
805 4055 852 4105 est
864 4045 973 4122 injuria
985 4046 1089 4119 nostri,

372 4135 509 4214 Spargite
523 4155 570 4194 me
585 4135 614 4194 in
628 4137 746 4210 fluctus,
763 4148 907 4216 vastoque
921 4139 1085 4216 Immergite
1100 4148 1199 4216 ponto.
1295 4141 1354 4200 606

372 4227 404 4288 Si
420 4246 520 4307 pereo,
536 4229 686 4288 hominum
699 4231 835 4290 manibus
848 4233 972 4310 periisse
988 4231 1112 4307 jurabit.

371 4321 498 4382 Diserat
512 4340 521 4392 3
544 4329 584 4394 et,
599 4342 700 4402 genua
717 4326 870 4404 amplexus
883 4326 1069 4405 genibusque
1083 4326 1230 4400 volutans,
