3167 5234
565 560 742 610 AENEIDOS
762 561 833 610 bnt
845 563 894 612 11.

226 695 464 770 l’ros'ltalusve,
480 697 552 760 mibi
566 699 677 777 pariter
689 700 739 760 det
753 701 901 779 sanguine
916 721 1030 780 pinnas.

225 790 300 850 Pdst
315 809 372 869 ego
386 792 465 851 nube
480 790 559 851 cavi.
571 793 746 852 miserandas
761 813 872 873 corpus
885 805 916 853 et
929 815 1014 854 erma

226 883 392 961 Inspolieta
405 883 499 944 ieram
513 885 637 957 tumulo,
654 887 820 963 patriaeque
836 907 987 965 reponam.

263 977 372 1038 Dixit:
395 985 425 1036 at
439 978 492 1039 illa
506 979 588 1038 leves
602 979 673 1039 coeli
687 979 813 1058 delapsa
826 1001 880 1059 per
893 1001 985 1040 auras
1158 984 1219 1044 596

226 1070 372 1146 Insonuit,
388 1073 476 1151 nigro
491 1072 675 1132 circumdata
689 1075 808 1133 turbine
822 1095 941 1152 corpus.

263 1167 304 1224 At
319 1185 425 1226 manus
439 1167 556 1226 interea
568 1167 660 1226 muris
673 1167 807 1244 Trojaua
821 1170 1008 1246 propinquat,

225 1257 410 1336 Etruscique
425 1259 529 1331 duces,
544 1259 736 1337 equitumque
752 1263 904 1320 exercitus
919 1263 1025 1336 omnis,

225 1351 393 1430 Compositi
406 1372 531 1412 numero
545 1354 575 1412 in
589 1362 710 1414 turmas.
753 1355 868 1415 Fremit
882 1375 1004 1433 aequore
1017 1361 1080 1416 toto

224 1445 380 1506 Insultans
394 1447 523 1523 sonipes,
539 1454 568 1506 et
583 1441 695 1524 pr'essis
709 1457 822 1527 pugnet
835 1449 972 1522 habenis,
1158 1451 1219 1510 600

224 1537 298 1598 Huc
313 1541 457 1598 obversus
471 1548 501 1600 et
515 1541 575 1599 hnc
591 1560 598 1598 :
621 1550 684 1600 tum
698 1542 757 1600 lut
772 1541 889 1600 lemene
903 1543 997 1602 hastis

223 1631 341 1691 Horret
355 1653 440 1712 ager,
456 1634 613 1711 campique
628 1635 719 1692 armis
732 1635 909 1694 sublimibus
922 1635 1039 1696 ardent.

223 1725 252 1786 N
255 1745 291 1785 ec
305 1745 364 1784 non
380 1726 540 1804 Messapus
554 1728 671 1799 contri,
687 1729 866 1803 celeresque
884 1727 996 1800 Letini,

222 1817 264 1878 Et
279 1819 453 1880 cumfratre
469 1819 578 1892 Coras,
594 1827 624 1880 et
639 1821 762 1898 virginis
776 1820 827 1879 ela
841 1819 991 1893 Camillos,
1108 1811 1114 1824 ’

222 1911 352 1972 Adversi
366 1932 472 1990 campo
487 1921 641 1991 apparent,
658 1915 821 1990 hastaeque
835 1912 969 1972 reductis
1156 1915 1214 1974 605

221 2003 407 2065 Protenduut
421 2007 509 2084 longe
524 2007 646 2078 dextris,
662 2015 692 2066 et
707 2007 824 2085 apicula
838 2009 955 2066 vibrant
970 2025 979 2066 ε

222 2099 438 2176 Adventusque
453 2086 559 2172 ririun,
576 2100 769 2177 fremitusque
784 2100 917 2160 ardescit
931 2119 1086 2177 equorum.

221 2191 351 2270 Jamque
366 2195 444 2253 intra
460 2193 576 2269 jectum
589 2195 641 2254 teli
655 2213 834 2272 progressus
851 2202 977 2270 uterque

223 2287 401 2346 Substiterat
417 2305 423 2343 :
446 2288 546 2347 subito
560 2295 718 2364 erumpunt
737 2289 880 2359 clamore,
896 2287 1117 2366 trementesque

221 2379 427 2441 Exhortantur
440 2400 535 2458 equos
548 2401 557 2451 3
580 2380 706 2440 fundunt
720 2382 808 2440 simul
823 2380 953 2458 undique
967 2379 1030 2438 tela
1154 2381 1215 2440 610

221 2474 352 2546 Crebra,
370 2474 446 2534 nivis
459 2475 518 2533 ritu
532 2493 540 2543 ;
564 2475 735 2550 coelumque
750 2475 900 2533 obtexitur
914 2471 1029 2533 umbri.

222 2567 375 2628 Continui
390 2568 524 2628 adversis
538 2568 716 2645 Tyrrhenus
731 2576 760 2628 et
775 2587 849 2626 acer
861 2569 1016 2626 Aconteus

176 2681 181 2691 ’
221 2664 351 2725 Connixi
366 2665 521 2722 incurrunt
534 2663 639 2734 hastis,
656 2665 802 2741 primique
817 2663 932 2722 ruinam

221 2757 304 2818 Dant
319 2758 417 2816 sonitu
432 2757 554 2834 ingenti,
572 2756 783 2835 perfractaque
799 2752 1077 2834 quadrupedantum

221 2851 352 2916 Pectora
366 2843 535 2928 pectoribus
549 2859 698 2928 rumpunt.
739 2849 897 2909 Excessus
909 2852 1065 2908 Aconteus
1154 2851 1212 2908 616

222 2945 367 3005 Fulminis
382 2945 411 3002 in
426 2962 548 3014 morem,
565 2952 616 3003 aut
630 2953 776 3004 tormento
791 2943 931 3022 ponderis
944 2943 1015 3015 acti,

221 3037 393 3114 Praecipitat
407 3037 507 3115 longi,
523 3046 553 3096 et
567 3039 657 3096 vitum
671 3037 815 3116 dispergit
830 3037 859 3096 in
874 3055 974 3096 auras.

222 3131 379 3208 Extemplo
393 3133 519 3190 turbatae
533 3131 615 3192 acies
631 3151 639 3202 ;
663 3132 803 3209 versique
817 3129 920 3188 Latini

222 3223 374 3301 Rejiciunt
389 3241 518 3301 parmas,
534 3233 564 3282 et
578 3243 672 3302 equos
686 3225 723 3284 ad
737 3226 849 3284 mccnia
863 3232 992 3284 vertunt.

221 3317 319 3378 Troiis
334 3325 444 3395 agunt;
469 3319 607 3395 princeps
620 3327 734 3377 turmas
749 3319 861 3376 inducit
874 3319 995 3394 Asylas.
1152 3317 1213 3375 620

221 3409 351 3488 Jamque
365 3411 602 3489 propinquabant
617 3413 719 3488 portis,
736 3431 902 3489 rursusque
915 3410 1017 3470 Latini

223 3503 394 3564 Clamorem
407 3505 524 3576 tollunt,
540 3513 569 3563 et
584 3505 685 3564 mollia
698 3506 776 3564 colla
790 3505 958 3564 reflectunt.

222 3597 267 3656 Hi
281 3598 411 3676 fugiunt,
424 3599 601 3677 penitusque
615 3599 692 3656 datis
706 3599 876 3657 reseruntur
894 3597 1029 3656 habenis.

222 3688 330 3758 Qualis
347 3691 396 3750 ubi
411 3691 525 3750 alterno
540 3711 718 3768 procurrens
731 3693 852 3770 gurgite
866 3699 974 3768 pontus

221 3783 310 3844 Nunc
325 3784 383 3842 ruit
398 3785 435 3842 ed
449 3793 557 3856 terras,
574 3786 772 3862 scopulosque
787 3785 950 3862 superjacit
964 3783 1073 3842 undam
1151 3783 1211 3842 aab

222 3877 377 3954 Spumeus,
395 3887 617 3954 extremamque
632 3879 698 3936 sinu
713 3878 861 3958 pertundit
877 3895 1019 3935 arenam:

220 3969 310 4029 Nunc
324 3970 444 4047 rapidus
459 3979 550 4043 retro,
567 3980 656 4050 atque
671 3979 744 4030 oestu
759 3972 896 4029 revoluta
912 3972 1071 4031 resorbens

222 4064 310 4134 Saxa,
327 4064 413 4142 sugit,
430 4065 572 4142 littusque
587 4063 663 4122 vado
677 4066 796 4124 lubente
810 4065 960 4140 relinquit.

219 4155 272 4215 Bis
285 4158 379 4218 Tusci
394 4159 523 4218 Rutulos
537 4157 628 4237 egiere
643 4159 679 4216 ad
694 4159 805 4218 moenia
819 4178 923 4218 versos
935 4178 944 4228 ς
1245 4223 1249 4230 .

218 4249 271 4309 Bis
286 4253 389 4328 rejecti
405 4254 495 4312 armis
508 4261 679 4330 respectant
693 4261 781 4330 terge
795 4261 942 4332 tegentes.
1149 4255 1208 4313 630

219 4343 326 4404 Tertia
339 4346 392 4404 sed
407 4357 561 4424 postquam
577 4347 732 4426 congressi
747 4347 776 4404 in
791 4346 908 4424 proelia,
923 4355 1003 4407 totus
