3167 5234
358 550 414 607 114
644 544 671 593 Ρ.
691 544 859 593 VlllGILll
880 546 1053 597 Mauortis

354 682 450 745 Arum
464 684 595 761 deosque
610 693 716 762 parant
730 686 865 757 comites,
880 688 1049 765 pelagoque
1064 706 1205 748 mmemo
1306 747 1313 759 ,

354 778 512 857 improvisi
529 778 662 837 aderunt.
696 777 753 845 ¹ltu
766 779 874 857 digerit
887 782 987 840 omina
1000 781 1143 842 Calchas.

353 872 446 931 Hanc
461 892 514 950 pro
527 866 672 943 Palladio:
688 873 801 944 moniti,
817 892 871 951 pro
885 876 1005 933 numine
1018 877 1103 952 laeso,

352 964 495 1044 Effigiem
508 962 651 1037 statuere,
668 966 754 1025 nefas
769 986 836 1042 quta
849 968 935 1026 triste
950 970 1054 1047 piaret.

353 1060 446 1119 Hanc
459 1069 558 1120 tamen
573 1060 746 1119 immensam
760 1061 895 1121 Calchas
909 1064 1044 1121 attollere
1057 1064 1166 1123 molem
1286 1064 1340 1122 185

353 1154 527 1214 Roboribus
547 1155 646 1226 textis,
664 1155 802 1231 coeloque
817 1156 958 1227 educere,
977 1158 1088 1232 jussit5
1197 1167 1207 1197 t

353 1247 382 1307 N
385 1266 401 1305 e
416 1248 509 1326 recipi
523 1249 616 1327 portia
631 1254 681 1306 aut
696 1248 764 1306 duci
778 1249 809 1307 in
822 1250 933 1308 rutenia
948 1250 1050 1327 possit,

353 1340 423 1401 Neu
441 1342 580 1419 populum
600 1340 724 1417 antiqui
736 1344 792 1401 sub
806 1343 952 1420 religione
965 1343 1053 1402 tueri.

352 1434 381 1495 N
384 1454 442 1506 em,
463 1436 488 1493 ai
503 1444 603 1493 vestra
617 1454 723 1493 manus
737 1435 878 1494 violdsset
891 1436 971 1494 dona
983 1435 1140 1507 Minervae,

351 1528 432 1587 Tum
445 1548 584 1606 magnum
599 1529 721 1587 exitium
736 1528 830 1605 (quod
843 1528 873 1587 di
888 1530 969 1606 priirs
983 1548 1070 1587 omen
1083 1528 1114 1587 in
1127 1529 1225 1607 ipsum
1286 1529 1342 1587 190

354 1621 539 1681 convertant
554 1620 577 1699 l)
592 1622 705 1680 Priami
719 1622 842 1699 imperio
854 1623 1086 1701 Phrygibusque
1100 1622 1241 1681 futurum.

354 1715 405 1775 Sin
421 1716 556 1773 manibus
570 1716 677 1773 reatris
692 1725 820 1773 vestram
835 1698 1021 1775 addendisset
1034 1716 1064 1773 in
1079 1717 1193 1789 urbem,

352 1807 439 1868 Ultro
453 1809 555 1867 Asiam
569 1828 678 1887 magno
691 1809 824 1887 Pelopea
837 1809 875 1868 ad
889 1810 999 1873 moenia
1013 1810 1092 1868 bello

352 1902 529 1973 Venturam,
545 1909 574 1960 et
589 1912 707 1961 nostros
721 1922 758 1961 ea
772 1903 834 1961 feta
846 1921 968 1962 manere
983 1911 1116 1981 nepotes.

391 1995 518 2053 Talibus
532 1994 658 2066 insidiis,
675 1995 847 2073 perjurique
861 2005 926 2054 arte
941 1997 1070 2067 Sinonis,
1286 1997 1341 2055 iao

353 2089 478 2150 Credita
491 2108 541 2147 res
555 2108 562 2159 ;
587 2090 724 2166 captique
741 2090 817 2147 dolis
830 2090 1031 2166 lacrymisque
1045 2089 1169 2162 coactis,

352 2183 439 2251 Quos
456 2202 554 2259 neque
570 2181 712 2261 Tydiden,
728 2202 786 2241 nec
798 2183 969 2242 Lariseaeue
981 2184 1129 2256 Achilles,

351 2276 421 2337 Non
441 2278 510 2336 anni
524 2276 665 2335 domuere
681 2278 795 2349 decem,
812 2296 872 2335 non
887 2277 967 2336 mille
980 2277 1103 2337 carine.

391 2371 454 2430 Hic
469 2370 548 2429 aliud
567 2372 663 2448 majus
677 2371 793 2429 miseris
806 2370 959 2447 multique
972 2370 1158 2429 tremendum

351 2464 499 2541 Objicitur
512 2464 619 2543 magis,
636 2473 725 2542 atque
740 2464 904 2541 improvida
916 2473 1039 2543 pectora
1051 2465 1162 2524 turbat.
1282 2444 1414 2553 mgb),

351 2558 504 2629 Laocoon,
521 2558 627 2616 ductus
642 2558 782 2635 Neptuno
796 2567 877 2615 sorte
892 2557 1045 2629 sacerdos,
1321 2582 1363 2602 u

352 2651 506 2709 Solemnes
519 2659 637 2709 taurum
651 2652 803 2728 ingentem
818 2652 969 2743 macquat
984 2651 1022 2708 ad
1036 2668 1116 2709 erae.

350 2742 436 2801 Ecce
450 2750 550 2801 autem
563 2743 674 2820 gemini
693 2762 712 2801 a
724 2743 851 2801 Tenedo
864 2743 1027 2819 tranquilla
1040 2742 1170 2821 peralta

353 2835 523 2915 (Horresco
544 2834 692 2911 referens)
709 2835 859 2893 immensis
872 2836 994 2894 orbibus
1007 2853 1123 2913 angues

351 2929 531 2987 incumbunt
544 2928 662 3006 pelago,
680 2929 851 3005 pariterque
866 2930 903 2987 ad
918 2930 1018 2987 littora
1030 2928 1154 2986 tendunt
1170 2946 1179 2997 ;
1280 2930 1340 2987 906

350 3021 479 3081 Pectora
494 3040 619 3100 quorum
637 3022 715 3079 iuter
728 3022 838 3080 fluctus
852 3030 981 3093 arrecta,
999 3022 1142 3097 jubarque

351 3116 532 3192 Sanguineas
547 3122 727 3191 exsuperant
741 3114 837 3173 undas
853 3135 861 3184 3
886 3134 955 3192 pars
969 3123 1081 3173 catera
1094 3122 1215 3191 pontum

349 3208 433 3268 Pone
448 3208 530 3286 legit,
547 3207 726 3283 sinuantque
741 3208 885 3267 immensa
898 3208 1047 3266 volumine
1060 3217 1157 3286 terga.

349 3302 399 3361 Fit
413 3302 536 3373 sonitus,
553 3310 707 3378 spumante
722 3301 785 3359 salo
801 3320 810 3371 ;
829 3302 952 3377 jamque
967 3320 1039 3359 arra
1053 3303 1206 3372 tenebant,

349 3400 559 3476 Ardentesque
573 3398 677 3457 oculos
690 3397 809 3456 suffecti
823 3398 970 3476 sanguiue
984 3407 1013 3457 et
1027 3398 1100 3476 igni,
1278 3398 1339 3457 210

350 3494 443 3552 Sibila
460 3494 631 3551 lambebant
645 3493 754 3570 linguis
767 3493 952 3551 vibrantibus
966 3512 1029 3551 ora.

348 3586 532 3666 Diffugimus
546 3586 611 3644 visu
625 3605 806 3664 exsangues.
851 3586 898 3643 llli
912 3587 1030 3664 agmine
1044 3594 1128 3646 certo

348 3680 524 3742 Laocoonta
538 3688 641 3759 petunt
654 3700 662 3750 ;
686 3689 716 3738 et
730 3680 855 3758 primum
869 3698 962 3757 parva
975 3680 1102 3739 duorum
1143 3696 1147 3703 ·

349 3774 488 3853 Corpora
500 3784 636 3835 natorum
651 3792 775 3852 serpens
790 3773 944 3851 amplexus
958 3783 1086 3850 uterque

349 3868 495 3945 implicat,
511 3878 540 3927 et
558 3864 984 3948 miserosmorqudepescitur
997 3877 1090 3927 anus.
1276 3866 1336 3923 eta

347 3960 432 4033 Pbst,
449 3962 554 4040 ipsum,
571 3963 680 4021 auxilio
695 3963 871 4021 subeuntem
885 3980 921 4020 ac
935 3962 996 4019 tela
1009 3962 1165 4034 serentem,
1354 3942 1358 3956 ¹

350 4054 533 4131 Corripiunt,
549 4055 695 4132 spirisque
710 4056 803 4133 ligant
824 4055 1015 4132 ingentibus3
1039 4061 1070 4111 et
1086 4053 1149 4129 jam

350 4146 405 4207 Bis
421 4147 549 4205 medium
564 4148 700 4224 amplexi,
716 4149 762 4206 bis
777 4148 854 4207 collo
868 4163 1013 4225 squamea
1026 4145 1140 4205 circiuu

348 4240 452 4318 Terga
467 4240 537 4312 dati,
554 4249 694 4318 superant
709 4242 807 4318 capite
821 4251 851 4300 et
865 4242 1035 4301 cervicibus
1048 4240 1125 4300 altis.
1170 4278 1179 4295 ,

349 4332 404 4395 llle
419 4334 505 4393 simul
521 4334 657 4392 manibus
670 4333 764 4394 tendit
777 4335 919 4397 divellere
933 4334 1037 4407 nodos,
1276 4330 1337 4389 220
