3167 5234
389 543 447 602 ³23
676 534 703 583 Ρ.
725 534 891 582 villermi
908 533 1080 584 MAROMIS

390 676 572 736 Proveniunt
586 695 594 746 3
617 693 715 752 neque
728 683 768 746 te,
785 675 900 746 AEnee,
915 693 983 733 mes
995 673 1120 733 dextera
1134 683 1256 734 servet:

390 769 489 847 Major
504 770 565 849 egit
579 770 663 840 deus,
679 777 769 845 etque
784 786 877 846 opere
890 767 928 826 ad
943 768 1057 844 majora
1068 769 1199 828 remittit.

429 864 495 937 Ille,
511 863 616 922 uvidus
629 881 747 942 pugnes,
764 881 851 920 sures
864 861 1026 921 incluserat
1040 881 1115 921 euro
1321 865 1380 924 4³⁰

390 957 473 1018 Hinc
488 966 577 1034 etque
591 956 671 1029 hinc,
687 955 807 1033 oditque
821 973 932 1027 moras,
948 957 1124 1033 hastamque
1138 964 1291 1016 coruscet.

390 1052 553 1129 Postquam
567 1051 673 1110 habilis
688 1050 774 1108 lateri
787 1050 912 1128 clypeus
924 1050 1077 1127 loricaque
1091 1059 1178 1129 tergo
1191 1059 1249 1124 est,

389 1146 553 1206 Ascanium
567 1145 640 1204 fusis
654 1143 767 1202 circirm
781 1143 989 1220 complectitur
1002 1145 1103 1216 armis,

391 1240 569 1316 Summaque
584 1257 639 1316 per
651 1238 770 1316 gslesm
784 1237 920 1296 delibans
933 1239 1039 1296 oscula
1052 1237 1130 1296 fatur
1145 1255 1152 1296 :

389 1331 494 1404 Disce,
511 1351 595 1411 puer,
612 1333 749 1392 virtutem
763 1351 801 1391 ex
814 1350 872 1403 me,
888 1350 1051 1408 verumque
1065 1332 1219 1403 laborem;
1318 1335 1378 1394 455

389 1425 553 1485 Fortunam
565 1445 601 1484 ex
616 1426 692 1486 aliis.
735 1425 826 1484 Nunc
839 1434 869 1483 te
883 1445 952 1484 mea
965 1426 1089 1484 dextere
1102 1424 1180 1484 bello

390 1520 554 1580 Defensum
568 1520 660 1591 debit,
676 1527 705 1578 et
721 1539 833 1597 magna
847 1520 924 1578 inter
937 1519 1059 1597 premis
1071 1518 1170 1578 ducet.

389 1614 438 1673 Tu
452 1614 552 1687 facito,
568 1633 636 1673 mox
650 1631 739 1690 quum
753 1622 871 1672 mature
885 1613 1049 1672 adoleverit
1063 1622 1147 1684 aetas,

277 1704 281 1725 ⁸
391 1707 438 1766 Sis
451 1727 573 1779 memor,
589 1717 619 1766 et
632 1717 673 1780 te,
689 1708 788 1766 animo
801 1715 987 1785 repetentem
1000 1708 1137 1785 exempla
1149 1715 1280 1781 tuorum,

390 1799 430 1860 ut
444 1809 529 1878 peter
542 1801 672 1872 AEness,
688 1809 718 1858 et
732 1801 899 1859 avunculus
912 1801 1022 1860 excitet
1036 1800 1162 1860 Hector.
1318 1805 1379 1861 440

429 1893 508 1953 Haec
522 1894 575 1954 ubi
588 1894 670 1954 dicta
682 1893 773 1965 dedit,
790 1895 882 1972 portis
896 1913 964 1954 sese
977 1895 1082 1953 extulit
1095 1896 1212 1973 ingens,

389 1988 498 2048 Telum
512 1988 637 2046 immane
652 2007 741 2046 manu
756 1988 894 2064 quatiens
910 2007 916 2046 :
939 1988 1025 2046 simul
1040 1989 1158 2067 agmine
1171 1988 1266 2048 denso

389 2081 585 2158 Antheusque
599 2081 835 2158 Mnestheusque
848 2089 938 2140 ruunt
955 2101 963 2151 ;
986 2082 1140 2158 omnisque
1153 2082 1269 2142 relictis

389 2174 493 2232 Turba
507 2173 571 2232 fluit
586 2175 702 2233 castris.
744 2173 823 2234 Tum
837 2193 919 2232 cteco
934 2175 1056 2258 pulvere
1069 2195 1192 2253 campus

389 2265 546 2338 Miscetur,
563 2268 710 2344 pulsuque
724 2267 833 2345 pedum
842 2268 941 2326 tremit
954 2269 1053 2326 excite
1065 2269 1164 2327 tellus.
1316 2273 1377 2330 445

389 2359 470 2418 Vidit
484 2360 522 2417 ab
537 2360 664 2419 adverso
678 2361 834 2420 venientes
847 2379 961 2439 aggere
975 2361 1109 2433 Turnus,

389 2450 502 2513 videre
515 2454 642 2514 Ausonii
660 2474 668 2525 ;
691 2450 935 2532 gelidusque'per
948 2455 1008 2514 ima
1019 2456 1152 2514 cucurrit

389 2545 468 2604 Ossa
480 2555 600 2608 tremor.
642 2547 743 2606 Prima
756 2557 826 2606 ente
840 2566 944 2606 omnes
955 2548 976 2607 J
977 2556 1085 2607 uterne
1101 2547 1225 2609 Latinos

387 2639 500 2711 Audiit,
517 2641 698 2718 agnovitque
712 2661 829 2713 sonum,
845 2650 875 2700 et
888 2641 1062 2701 tremefactu
1075 2642 1193 2720 refugit.

389 2731 444 2792 Ille
458 2733 548 2804 volat,
562 2752 727 2812 campoque
741 2744 839 2794 atrum
852 2737 928 2813 rapit
942 2755 1050 2814 ugmen
1064 2745 1178 2813 aperto.
1319 2739 1377 2797 450

389 2825 496 2894 Qumis
510 2827 561 2886 uhi
575 2826 612 2885 sd
625 2837 732 2900 terras,
749 2831 876 2908 abrupto
889 2831 997 2902 sidere,
1013 2832 1130 2890 nimbus

388 2917 416 2978 It
430 2939 512 2977 mere
526 2940 579 2998 per
591 2921 719 2980 medium
736 2941 745 2979 t
766 2924 894 2995 miseris,
912 2925 992 2984 heu!
1014 2925 1141 3002 praescie
1154 2923 1245 3004 longe

387 3011 577 3074 Horrescunt
591 3015 683 3073 corde
698 3017 838 3094 agricolis
857 3037 864 3074 ε
886 3018 967 3077 debit
980 3017 1030 3076 ille
1045 3019 1146 3078 ruinas

386 3106 563 3178 Arboribus,
580 3115 771 3186 stragemque
786 3111 880 3180 satis;
903 3119 970 3170 ruet
984 3113 1083 3170 omnia
1096 3111 1156 3171 lete
1171 3130 1179 3169 t

385 3199 575 3271 Antevolent,
590 3200 778 3277 sonitumque
792 3202 890 3262 serunt
905 3205 941 3272 ad
956 3205 1055 3264 littora
1069 3205 1158 3265 venti.
1315 3207 1377 3264 455

386 3292 471 3351 Telis
485 3293 515 3350 in
529 3293 670 3352 adversos
684 3294 790 3354 ductor
803 3297 963 3357 Rhoeteius
977 3299 1078 3358 hostes

387 3388 503 3466 Agmen
519 3386 580 3464 egit
595 3404 602 3444 ε
624 3386 709 3446 densi
723 3391 828 3448 cuneis
841 3411 875 3448 se
890 3392 1017 3468 quisque
1031 3393 1147 3452 conctis

386 3480 611 3558 Agglomereut.
653 3481 738 3540 Ferit
751 3502 824 3542 ense
838 3503 961 3562 grevem
973 3485 1171 3563 Thymbraeus
1183 3485 1296 3545 Osirim
1311 3504 1321 3555 ς

386 3573 562 3632 Archetium
575 3573 753 3634 Mnestheus
769 3595 777 3646 3
802 3578 969 3654 Epulonem
983 3581 1141 3638 obtruncet
1154 3579 1300 3651 Achates,

387 3665 585 3745 Ufentemque
600 3667 685 3745 Gyas
701 3689 707 3726 :
731 3671 809 3729 cudit
824 3672 887 3749 ipse
900 3673 1078 3732 Tolumnius
1092 3691 1201 3752 augur,
1316 3675 1376 3732 460

386 3759 503 3819 Primus
512 3759 786 3822 inadversostelum
800 3765 851 3840 qui
864 3775 993 3826 torserat
1008 3767 1120 3826 hostes.

387 3851 515 3912 Tollitur
528 3853 682 3914 incoslum
696 3857 819 3929 clamor,
836 3860 975 3935 versique
991 3861 1121 3920 vicissim

386 3945 598 4006 Pulverulenta
612 3947 686 4026 suge
698 3949 804 4009 Rutuli
818 3951 889 4010 dant
902 3961 991 4032 terga
1005 3973 1060 4030 per
1075 3973 1174 4032 agros.

388 4037 457 4116 Ipse
471 4059 569 4116 neque
584 4061 706 4101 eversos
719 4043 860 4121 dignetur
873 4055 1008 4105 sternere
1021 4049 1118 4119 morti,

387 4130 454 4189 Nec
468 4134 542 4208 pede
556 4153 735 4212 congressos
750 4157 847 4214 aequo,
864 4159 921 4198 nec
934 4141 996 4199 tela
1009 4140 1139 4199 ferentes
1315 4141 1374 4199 465

297 4267 302 4282 .
387 4223 558 4299 Insequitur
573 4245 580 4282 τ
602 4228 697 4286 solunt
713 4230 805 4289 densd
820 4232 849 4290 in
863 4234 993 4312 caligine
1006 4234 1144 4292 Turnum

381 4315 524 4395 ¹Vestignt
538 4317 688 4390 lusti-anm
711 4324 807 4382 solum
820 4325 850 4383 in
865 4327 1030 4386 certamina
1042 4327 1149 4406 poscit.
