3167 5234
354 576 393 635 0ss
640 568 667 617 P.
686 568 853 617 visuram
876 568 1047 618 HABONIS

354 708 444 778 Quod
461 708 523 785 jam
538 728 597 768 non
609 706 707 767 dubiis
721 710 832 787 poteris
845 726 1031 787 cognoscere
1045 707 1139 787 signis
1153 726 1161 765 ε
1193 755 1199 764 .

354 802 506 863 Continud
521 812 567 862 est
581 803 671 882 aegris
685 804 762 861 alius
776 804 860 861 color
876 823 885 874 3
908 804 1030 861 horrida
1041 802 1156 861 ruitum

353 894 510 955 Deformat
524 897 636 955 macies
653 914 659 967 ;
686 904 747 955 turn
761 914 889 973 corpora
901 897 969 955 lucc
984 892 1140 954 caramdm

285 1054 294 1068 ,
353 987 521 1067 Exportant
535 990 633 1061 tectis,
649 998 678 1047 et
692 990 789 1047 tristia
801 989 907 1047 funcra
920 989 1032 1048 ducunt
1045 1008 1054 1059 ;

353 1084 416 1142 Aut
430 1082 488 1141 illm
503 1082 627 1161 pedibus
642 1102 785 1141 conuerte
800 1082 839 1141 ad
852 1082 954 1141 iimina
968 1082 1118 1160 pendant3

353 1175 415 1235 Aut
429 1176 509 1235 intus
523 1176 634 1234 clausis
647 1182 826 1235 cunctantur
839 1176 870 1235 in
884 1174 997 1235 adibus
1010 1193 1123 1247 omncs,

354 1266 537 1347 Ignavaeque
552 1268 629 1327 same
644 1277 673 1327 et
687 1277 844 1329 contracto
857 1269 969 1347 frigore
983 1268 1087 1346 pigrae.

354 1360 432 1420 Tum
446 1382 537 1421 sonus
552 1363 671 1437 auditur
684 1364 816 1442 gravior,
831 1364 1010 1438 tractimque
1023 1367 1179 1420 susurrant
1193 1378 1202 1431 3

353 1455 496 1535 Frigidus
510 1464 542 1516 ut
557 1456 704 1534 quondam
718 1456 801 1515 silvis
814 1458 1018 1515 immurmurat
1031 1456 1145 1513 Auster
1157 1472 1166 1525 ;

352 1546 393 1607 Ut
407 1566 488 1635 mare
502 1550 661 1609 sollicitum
675 1549 770 1608 stridit
784 1550 980 1609 refluentibus
993 1546 1102 1617 undis;

353 1642 479 1702 AEstuat
493 1650 526 1700 ut
540 1642 651 1701 clausis
668 1643 790 1725 rapidus
804 1643 976 1702 fornacibus
990 1641 1077 1719 ignis.

353 1732 416 1791 Hic
433 1734 495 1810 jam
511 1733 675 1813 galbaneos
688 1736 822 1793 suadebo
835 1735 997 1794 incendere
1010 1733 1128 1805 odores,

352 1824 506 1903 Meliaque
522 1826 693 1886 arundineis
707 1828 818 1886 inferre
832 1828 998 1899 canalibus,
1014 1827 1092 1884 uitro

352 1918 544 1991 Hortantem,
560 1927 590 1977 et
604 1920 700 1978 fessas
715 1919 751 1978 ad
768 1920 879 1998 pabula
893 1926 965 1979 nota
977 1926 1144 1979 vocantem.

351 2012 489 2072 Proderit
504 2023 533 2071 et
551 2022 671 2071 tunsum
684 2014 773 2092 gallae
788 2014 953 2073 admiscere
967 2032 1116 2091 saporem,

351 2104 542 2183 Arentesque
557 2124 654 2189 rosas²¹
669 2115 720 2165 cut
734 2108 797 2186 igni
810 2108 933 2186 pinguia
946 2107 1038 2166 multo

350 2195 492 2271 Defruta‚
509 2200 556 2257 vel
568 2198 686 2258 Psitbisi
699 2220 804 2278 passos
818 2200 855 2260 de
869 2201 929 2260 rite
942 2218 1090 2273 racemos,

352 2290 595 2371 Cecropiumque
608 2293 752 2371 thymum,
768 2302 798 2355 ct
812 2294 906 2373 grave
921 2295 1034 2353 olentia
1047 2301 1221 2355 centaurea.

229 2412 232 2419 r
350 2384 408 2443 Est
422 2386 512 2444 etiam
526 2386 582 2444 flos
596 2386 626 2444 in
640 2387 743 2465 pratis,
760 2388 810 2446 cui
823 2407 932 2447 nomen
947 2388 1056 2447 amello

350 2475 468 2538 Fecdre
485 2480 639 2559 agricolae,
655 2480 752 2539 facilis
766 2482 972 2559 quarentibus
983 2483 1080 2540 herba
1093 2501 1101 2552 3

349 2569 490 2649 Namque
505 2592 564 2631 uno
579 2574 730 2651 ingentem
743 2576 819 2633 tollit
832 2574 870 2633 de
884 2576 998 2653 cespite
1012 2576 1128 2647 silvam,

351 2663 474 2723 Aureus
489 2666 552 2742 ipse
565 2686 573 2735 ;
597 2666 650 2724 sed
665 2666 694 2724 in
709 2666 797 2738 soliis,
814 2686 882 2743 quas
897 2668 1023 2745 plurima
1036 2668 1150 2727 circium

352 2754 541 2829 Funduntur,
558 2758 644 2816 violae
659 2759 796 2817 sublucet
811 2778 942 2837 purpura
955 2761 1063 2838 nigras.

352 2848 440 2927 Saepd
455 2847 541 2908 deum
556 2850 641 2909 nexis
655 2859 768 2909 ornatoe
781 2852 939 2928 torquibus
953 2870 1014 2910 aree
1028 2872 1038 2923 3

350 2940 452 3019 Asper
465 2942 495 3000 in
509 2962 561 3001 ore
576 2962 666 3020 seper
682 2962 690 3013 ;
713 2944 807 3003 tonsis
826 2944 858 3001 in
871 2943 999 3003 vallibus
1012 2944 1095 3004 illurn

349 3034 492 3093 Pastores
506 3042 536 3093 et
550 3054 644 3094 curva
658 3036 761 3115 legunt
776 3056 868 3115 prope
882 3036 1005 3096 flumina
1016 3037 1128 3098 Mella.

351 3126 453 3203 Hujus
467 3128 590 3187 odorato
605 3128 724 3188 radices
738 3130 865 3207 incoque
879 3130 1013 3203 Baccho,

350 3221 527 3299 Pabulaque
542 3222 572 3281 in
586 3222 699 3282 foribus
713 3224 809 3301 plenis
823 3244 938 3303 appone
954 3226 1103 3286 canistris.

391 3314 460 3387 Sed,
477 3316 503 3374 si
518 3335 606 3392 quem
627 3318 725 3395 proles
739 3317 837 3377 subitd
851 3317 994 3377 defecerit
1008 3320 1113 3393 omnis,

350 3409 379 3468 N
382 3428 418 3467 cc
431 3428 529 3487 genus
543 3410 623 3468 unde
637 3430 722 3470 noum
737 3412 837 3489 stirpis
850 3421 1010 3471 revocetur
1023 3413 1154 3486 babebit,

350 3502 483 3582 Tempus
497 3513 526 3563 ct
540 3506 664 3565 Arcadii
676 3507 870 3565 memoranda
884 3508 1005 3567 inventa
1016 3509 1172 3588 magistri.

349 3598 497 3673 Pandere,
515 3620 633 3679 quoque
652 3602 738 3661 modo
753 3604 840 3662 caesis
856 3605 919 3680 jam
933 3604 1013 3683 saepd
1029 3605 1170 3681 juvencis

350 3690 523 3753 insincerus
538 3712 610 3773 apes
622 3695 723 3754 tulerit
738 3716 837 3755 cruor.
880 3696 980 3756 Attius
993 3717 1112 3759 omnem

349 3785 526 3865 Expediam,
544 3789 637 3867 primt
651 3798 791 3868 repetens
805 3792 844 3849 ab
858 3792 985 3870 origine,
1000 3794 1120 3855 sarnam.

350 3879 378 3939 N
382 3900 430 3940 am
445 3881 506 3958 qud
518 3881 628 3942 Pellaei.
637 3902 712 3962 gens
726 3882 878 3944 fortunata
893 3885 1011 3965 Canopi

350 3972 468 4032 Accolit
482 3974 577 4034 effuso
591 3986 780 4056 stagnantem
793 3979 914 4039 flumine
929 3980 1042 4053 Nilum,

349 4064 390 4123 Et
405 4065 516 4125 circum
531 4069 617 4145 pictis
632 4070 749 4131 vehitur
762 4091 819 4132 sua
831 4092 904 4132 rura
917 4073 1029 4145 fasciis,

351 4155 482 4234 Qudque
497 4161 676 4237 pharetratae
689 4165 801 4224 vicinia
813 4166 947 4225 Persidis
963 4174 1060 4244 urget,

349 4252 390 4311 Et
404 4251 527 4312 viridem
540 4254 708 4333 AEgyptum
722 4258 812 4337 nigri
824 4260 977 4319 foecundat
996 4258 1101 4333 amna,

349 4344 389 4407 Et
405 4344 523 4405 diversa
537 4366 627 4407 ruens
642 4358 756 4429 septem
772 4352 912 4412 discurrit
925 4354 955 4412 in
969 4372 1023 4412 ora
