3167 5234
341 560 395 615 190
624 552 652 599 r.
672 552 838 601 virumn
862 534 1034 605 nasonis

337 691 367 751 N
369 710 405 749 ec
420 689 492 749 verb
506 690 634 749 Alciden
648 712 696 751 me
709 712 775 752 sum
788 694 908 755 loetatus
922 704 1042 754 euntem

255 787 259 800 ’
339 785 504 862 Accepisse
516 785 597 857 lacu,
612 787 807 849 nechesea
819 788 1055 865 Pirithoumque,

337 877 397 939 Dis
411 899 583 956 quanquam
596 880 691 958 geniti
704 888 795 959 atque
810 882 912 941 invicti
925 883 1037 941 viribus
1057 890 1168 943 essent.

337 972 520 1031 Tartareum
533 973 583 1031 illo
597 993 686 1031 manu
700 976 855 1034 custodem
871 977 899 1034 iu
914 977 1013 1035 vincla
1027 978 1130 1054 petivit

339 1066 437 1145 l'psius
452 1086 471 1125 a
483 1068 559 1126 solio
572 1068 665 1145 regis,
679 1070 829 1145 traxitque
844 1078 1019 1128 trementem
1035 1090 1042 1128 :

338 1161 382 1221 Hi
397 1162 546 1221 domiuum
559 1161 639 1219 Ditis
653 1162 784 1222 thalamo
798 1163 949 1221 deducere
964 1164 1069 1224 adorti.

340 1254 417 1323 Quae
432 1265 537 1314 contra
551 1257 682 1313 breviter
695 1256 757 1315 sata
770 1265 816 1314 est
830 1257 1011 1334 Amphrysia
1026 1267 1130 1317 vates:

338 1348 368 1407 N
370 1350 439 1407 ullas
453 1349 503 1407 hic
518 1350 632 1409 insidiae
646 1352 723 1408 tales
736 1370 744 1419 ;
769 1350 880 1409 absiste
895 1352 1008 1409 moveri
1022 1371 1030 1421 ;

337 1444 407 1505 Nec
421 1446 480 1504 vim
492 1446 555 1504 tela
568 1446 687 1505 ferunt:
710 1447 780 1504 licet
795 1447 901 1525 ingens
918 1447 1031 1522 janitor
1044 1456 1130 1507 antro

337 1539 502 1598 AEternirm
515 1540 629 1598 latrans
643 1558 815 1617 exsangues
828 1549 941 1599 terreat
955 1543 1077 1599 umbras
1091 1562 1100 1611 ;
1210 1536 1212 1547 '

340 1632 437 1693 Casta
450 1634 520 1692 licet
534 1634 633 1711 patrui
646 1643 746 1691 servet
759 1634 942 1711 Proserpina
954 1635 1054 1693 limen.

338 1725 453 1785 Troius
466 1728 597 1798 AEneas,
614 1728 724 1805 pietate
738 1727 862 1805 insignis
877 1736 906 1785 et
921 1729 1022 1799 armis,
1116 1734 1120 1745 ’

340 1821 388 1879 Ad
402 1822 569 1899 genitorem
583 1821 658 1879 imas
671 1821 767 1880 Erebi
780 1820 935 1879 descendit
950 1822 986 1880 ad
1001 1825 1130 1883 umbras.

341 1916 374 1975 Si
386 1924 417 1974 te
431 1917 513 1974 nulla
526 1923 625 1974 movet
638 1924 731 1973 tantas
745 1916 863 1993 pietatis
879 1917 987 1995 imago,

340 2012 382 2069 At
395 2030 510 2069 ramum
523 2012 603 2069 huuc
620 2010 730 2090 (aperit
743 2030 858 2068 ramum
874 2012 924 2087 qui
939 2019 1022 2069 veste
1035 2011 1163 2090 latebat)

340 2106 510 2183 Agnoscas.
551 2105 682 2164 Tumida
695 2124 732 2163 ex
746 2103 792 2164 ire
806 2112 868 2162 tum
883 2105 974 2163 corda
989 2104 1132 2165 residunt.

203 2195 209 2205 “
275 2220 280 2246 ¹
302 2217 322 2233 ‘
340 2198 408 2257 Nec
423 2200 509 2275 plura
521 2200 577 2258 his.
621 2199 687 2270 llle,
705 2198 855 2257 admirans
871 2199 1042 2257 venerabile
1057 2199 1167 2259 donum

340 2294 456 2353 Fatalis
470 2295 573 2373 virgae,
591 2296 681 2372 longo
696 2293 763 2372 pdst
775 2304 910 2371 tempore
926 2296 1032 2366 visum,

341 2388 513 2450 Caeruleum
527 2390 655 2449 advertit
670 2390 801 2467 puppim,
817 2390 949 2467 ripaeque
966 2391 1152 2467 propinquat.

342 2483 416 2544 Inde
431 2484 506 2543 alias
520 2486 644 2557 animas,
661 2504 729 2561 qum
744 2504 798 2562 per
814 2486 890 2562 juga
903 2485 993 2562 longa
1008 2484 1163 2557 sedebant,

339 2578 500 2653 Deturbat,
516 2580 657 2655 laxatque
671 2580 774 2649 foros3
798 2578 884 2636 simul
900 2579 1008 2656 accipit
1023 2579 1109 2636 alveo

340 2673 498 2752 Ingentem
511 2674 657 2732 AEneau.'
693 2672 816 2731 Gemuit
830 2674 884 2731 sub
899 2671 1030 2749 pondere
1045 2674 1152 2748 cymba

341 2767 454 2838 Sutilis,
471 2775 501 2824 et
514 2768 636 2825 multam
651 2767 768 2843 accepit
782 2766 894 2825 rimosa
906 2766 1054 2844 paludem.

339 2860 476 2919 Tandem
490 2868 574 2919 trans
588 2860 711 2919 fluvium
725 2860 854 2919 incolum
868 2881 882 2918 s
897 2868 1053 2937 vatemque
1068 2859 1224 2937 virumque

341 2955 465 3014 informi
478 2955 548 3013 limo
562 2954 732 3033 glaucaque
747 2955 868 3031 exponit
882 2954 913 3011 in
927 2952 1007 3012 ulvai.
1100 2954 1103 2959 ‘

342 3049 498 3110 Cerberus
512 3049 578 3106 haec
592 3050 699 3125 ingens
713 3049 822 3106 latratu
837 3066 932 3125 regna
945 3046 1065 3105 trifauci

340 3141 497 3215 Personat,
512 3140 638 3199 adverso
652 3142 802 3199 recubans
816 3140 953 3198 immanis
967 3141 996 3199 in
1011 3150 1107 3200 antro.

342 3236 403 3297 cui
418 3245 511 3307 vates,
528 3236 652 3294 horrere
667 3235 771 3293 videns
787 3235 851 3311 jam
865 3236 943 3292 colla
957 3236 1099 3308 colubris,

340 3330 434 3389 Melle
449 3338 619 3408 soporatam
632 3338 661 3388 et
675 3329 830 3387 medicatis
845 3329 981 3407 frugibus
995 3329 1085 3387 offam

342 3424 453 3501 Objicit
467 3443 475 3481 τ
498 3424 558 3495 ille,
575 3423 653 3481 fame
668 3422 775 3481 rabida
788 3422 848 3481 tria
860 3428 983 3501 guttura
996 3423 1141 3501 pandens,

342 3517 476 3596 Corripit
490 3518 647 3594 objectam,
664 3526 754 3593 atque
769 3518 910 3575 immania
923 3524 1010 3593 terga
1024 3516 1146 3576 resolvit

341 3612 442 3672 Fusus
456 3612 548 3683 humi,
563 3619 685 3687 totoque
700 3612 806 3691 ingens
820 3610 990 3669 extenditur
1004 3619 1097 3670 antro.

342 3706 480 3784 Occupat
496 3706 612 3765 AEueas
626 3704 749 3776 aditum,
766 3704 891 3763 custode
906 3704 1034 3782 sepulto,

342 3800 511 3877 Evaditque
526 3801 610 3859 celer
624 3799 720 3877 ripam
733 3799 930 3857 irremeabilis
945 3798 1041 3857 undae.

382 3894 535 3953 Continud
549 3895 659 3953 auditu
673 3913 775 3965 voces,
791 3894 910 3971 vagitus
925 3901 954 3950 et
969 3892 1086 3970 iugens,

343 3985 552 4064 Inlantrimque
567 3989 673 4047 animm
687 3989 795 4045 flentes
809 3988 839 4045 in
853 3987 952 4045 limine
968 3987 1061 4064 primo
1076 4006 1085 4056 3

344 4082 430 4151 Quos
444 4081 541 4141 dulcis
554 4082 623 4141 vitae
638 4091 773 4140 exsortes
787 4090 817 4140 et
832 4084 870 4139 ab
885 4083 977 4139 ubere
991 4088 1093 4158 raptos

341 4176 474 4237 Abstulit
488 4184 554 4235 atra
568 4175 642 4247 dies,
659 4186 688 4234 et
702 4177 807 4235 sunere
822 4176 924 4234 mersit
938 4176 1058 4235 acerbo.

342 4269 412 4330 Hos
428 4270 516 4346 juxta
528 4270 603 4328 falso
618 4271 747 4329 damuati
762 4271 885 4329 crimine
900 4271 1011 4329 mortis.

342 4364 372 4425 N
375 4384 412 4424 ec
426 4364 497 4424 verb
510 4364 558 4424 hm
572 4365 636 4423 siae
650 4374 731 4425 sorte
745 4364 835 4437 datm,
851 4366 915 4424 sine
931 4363 1045 4441 judice,
1061 4362 1159 4424 sedes.
