3167 5234
534 564 708 613 AENEIDOS
728 564 797 613 ΗΒ.
813 566 858 613 vt.

200 686 245 766 Et
259 704 346 764 viridi
359 701 467 764 sedere
481 704 554 764 solo.
596 703 676 761 Tum
687 704 833 763 maximus
846 704 937 763 beros

203 798 365 859 Maternae
379 798 516 876 agnoscit
531 816 613 870 sves,
628 797 775 874 laetusque
793 806 954 875 precatur:

201 892 280 951 Este
294 892 397 963 duces,
414 910 443 963 o,
459 891 485 949 si
500 910 560 968 que
573 892 622 950 ria
635 898 692 962 est,
708 910 889 969 cursumque
905 910 957 970 per
971 910 1060 951 suras

202 985 336 1064 Dirigite
350 986 381 1043 iu
394 985 490 1057 lucos,
507 984 558 1043 ubi
575 986 716 1063 pinguem
730 984 813 1044 dives
828 992 937 1063 opecat
1138 988 1193 1045 195

204 1078 322 1137 Remus
335 1077 466 1136 humum„
507 1078 628 1155 Tuque,
644 1100 673 1149 o,
690 1078 787 1137 dubiis
801 1098 838 1137 ue
853 1078 950 1138 defice
963 1080 1064 1152 rebus,

204 1170 286 1230 Dira
299 1191 418 1250 pareus.
460 1170 511 1229 Sic
525 1172 643 1245 effatus,
659 1173 788 1251 vestigia
802 1173 920 1250 pressit,

204 1264 379 1323 Observaus
396 1282 462 1341 qum
475 1264 564 1342 signa
578 1265 686 1337 ferant,
704 1266 763 1342 qud
776 1266 900 1325 tendere
916 1274 1051 1346 pergant.

203 1357 371 1416 Pascentes
385 1358 443 1417 ills
457 1358 571 1417 tantum
585 1360 704 1437 prodire
718 1360 855 1432 volando,

205 1450 359 1519 Quantum
373 1451 439 1510 acie
454 1460 574 1529 possent
588 1453 668 1511 oculi
680 1472 804 1511 seruere
818 1452 1004 1530 sequentium.

206 1543 294 1619 Inde,
308 1545 360 1604 ubi
374 1544 485 1605 vendre
500 1546 538 1604 sd
552 1546 656 1605 fauces
669 1548 871 1624 graveolentis
885 1548 1009 1621 Averni,

204 1638 327 1698 Tolluut
341 1658 375 1698 se
388 1640 505 1699 celeres
519 1660 527 1709 ;
551 1638 754 1717 liquidumque
769 1660 823 1718 per
835 1642 909 1699 sera
921 1642 1024 1719 lapste,

205 1732 335 1791 Sedibus
347 1734 456 1811 optatis
477 1734 604 1811 gemines
618 1753 710 1811 super
723 1736 830 1791 arbore
845 1734 954 1806 sidunt,

203 1826 346 1885 Discolor
360 1826 438 1885 uude
453 1828 517 1885 auri
536 1848 590 1904 per
603 1846 700 1885 ramos
714 1847 789 1886 aura
803 1828 927 1887 refulsit.

205 1920 304 1989 Quale
319 1922 395 1980 solet
409 1922 492 1981 silvis
504 1922 632 1980 brumali
645 1922 756 2001 frigore
771 1923 885 1981 viscum

204 2014 324 2074 Fronde
338 2016 437 2075 virere
451 2014 540 2086 novel,
555 2016 633 2093 quod
649 2036 710 2075 uon
723 2036 779 2075 sua
792 2018 919 2075 seminat
934 2018 1032 2090 arbos,

204 2107 245 2167 Et
258 2128 369 2167 croceo
382 2109 457 2168 foetu
470 2116 581 2167 teretes
596 2109 783 2169 circumdare
798 2117 920 2169 truncos
935 2128 943 2167 t

204 2200 288 2261 Talis
302 2210 367 2261 erat
381 2202 499 2281 species
513 2204 579 2261 auri
591 2202 756 2262 frondentis
770 2202 869 2282 opacd

205 2293 300 2367 Ilice3
325 2297 370 2355 sic
384 2298 445 2356 leni
458 2284 623 2375 c'repitabet
638 2299 763 2355 bractea
777 2306 875 2357 vento.

206 2387 338 2468 Corripit
350 2390 471 2449 AEnees
484 2390 642 2469 extemplo,
659 2391 824 2467 avidusque
838 2390 974 2468 refringit

172 2481 415 2570 &Cunctantem
432 2491 461 2542 et
475 2484 553 2543 vatis
566 2491 665 2561 portat
678 2485 734 2542 sub
748 2492 830 2542 tectu
844 2484 975 2560 Sibyllae.

243 2575 310 2636 Nec
324 2576 420 2634 minius
434 2576 550 2634 interea
562 2575 713 2634 Misenum
728 2576 758 2633 in
771 2577 870 2635 littore
883 2575 996 2635 Teucri

204 2667 343 2740 Flebant,
359 2677 388 2727 et
402 2669 497 2727 cineri
511 2671 628 2748 ingrato
642 2688 782 2747 suprema
794 2669 940 2729 ferebant.

204 2760 355 2840 Principio
368 2762 509 2840 pinguem
526 2762 612 2821 toedis
626 2770 656 2819 ct
669 2763 777 2820 robore
791 2771 875 2820 secto

205 2852 360 2932 lugentem
374 2855 510 2916 struxere
525 2876 650 2934 pyrsm3
674 2858 724 2915 cui
741 2856 895 2915 frondibus
909 2856 982 2915 stris

206 2949 344 3009 lutexunt
356 2952 463 3023 lutera,
479 2960 509 3009 ct
522 2952 632 3011 fereles
645 2952 714 3011 aute
729 2972 889 3031 cupressos

206 3042 408 3117 constituunt,
424 3045 626 3121 decorsutque
640 3046 732 3124 super
744 3046 927 3125 fulgentibus
940 3046 1039 3107 ermis.

207 3134 283 3195 Pars
296 3138 411 3196 cslidos
423 3138 529 3198 latices
542 3146 573 3196 et
587 3138 684 3197 ahena
697 3139 841 3198 undantis
855 3139 980 3198 flammis

204 3228 384 3307 Expediunt,
400 3250 569 3309 corpusque
583 3232 683 3291 levant
696 3233 830 3311 frigentis
845 3241 874 3291 et
889 3240 1013 3310 ungunt.

203 3320 251 3382 Fit
265 3324 415 3402 gemitus:
434 3333 497 3383 tum
510 3328 641 3383 membra
657 3334 722 3384 toro
736 3326 846 3385 defleta
859 3334 1016 3402 reponunt,

203 3414 435 3494 Purpureusque
451 3417 542 3495 super
554 3427 664 3489 vestes,
680 3419 829 3477 velamina
844 3427 924 3490 nota,

205 3507 385 3586 Coujiciuut.
426 3510 505 3570 Pars
519 3510 765 3589 iugentieubidre
779 3513 900 3585 feretro,

203 3600 305 3661 Triste
318 3603 522 3677 ministerium,
539 3615 568 3663 et
581 3606 747 3682 subjeetum
761 3625 843 3664 more
856 3603 1013 3683 parentium

203 3693 314 3753 Aversi
326 3694 451 3755 tenuere
464 3689 571 3758 facem.
614 3697 770 3777 Congesta
782 3708 954 3758 cremantur

202 3786 327 3847 Thuree
340 3789 429 3861 dona,
445 3791 548 3868 depes,
565 3792 631 3851 fuso
645 3801 781 3851 crateres
796 3792 883 3851 olivo.

202 3879 364 3959 Postquam
378 3884 502 3963 collapsi
516 3886 645 3957 cineres,
661 3895 691 3944 et
705 3886 823 3945 flamma
839 3884 959 3963 quievit,

202 3972 360 4053 Reliquias
374 3977 443 4035 vino
457 3986 486 4037 et
500 3980 632 4037 bibulam
646 3976 747 4038 lavere
761 3979 904 4050 favillsm,

201 4066 340 4145 Ossaque
356 4071 437 4129 lecte
450 4072 527 4130 cado
539 4072 614 4131 texit
628 4072 797 4149 Corynaeus
812 4072 917 4132 abeno.

201 4160 284 4221 Idem
297 4171 345 4221 ter
358 4166 456 4225 socios
471 4166 547 4243 puri
560 4166 845 4239 circumtulituudsi,

201 4256 352 4335 Spargeus
368 4278 436 4319 rore
450 4260 510 4319 levi
524 4268 554 4319 et
567 4280 651 4320 ramo
665 4261 761 4320 felicis
775 4262 872 4335 olivus,

199 4346 414 4431 Lustravitque
428 4350 520 4425 ri'ros,
534 4354 667 4433 dixitque
681 4356 841 4417 novissime
854 4358 956 4417 verbs.

461 4452 496 4507 l't
890 4468 909 4510 r
