3167 5234
536 563 758 612 unonmcon
777 563 849 612 nm.
863 561 918 610 111.

533 954 930 1032 GEORGIOON

604 1165 758 1226 LIBER
784 1164 852 1224 111.

233 1529 280 1589 Τι
297 1547 427 1607 qunque,
442 1546 554 1608 magua
564 1527 667 1600 Pales,
683 1535 712 1588 et
725 1537 767 1600 ts,
783 1526 985 1599 memorande,
1002 1545 1156 1598 canemus,

234 1622 340 1684 Pastor
353 1623 391 1680 uh
405 1623 575 1701 Amphryso
592 1642 600 1693 ;
623 1641 687 1694 vos,
704 1621 799 1693 sdvae,
815 1639 977 1697 amnesque
991 1619 1106 1698 Lycei.

236 1717 366 1790 Cretera,
384 1736 451 1795 quse
465 1737 579 1777 vncuas
592 1717 759 1777 tenuissent
773 1717 906 1776 carmine
920 1722 1047 1786 montes,

233 1810 341 1872 Omnia
357 1811 420 1887 jam
434 1811 579 1889 vulgata:
603 1811 669 1888 quis
684 1819 734 1870 sut
747 1809 922 1887 Eurysthea
933 1810 1051 1880 durum,

232 1905 292 1964 Aut
308 1904 444 1964 illaudati
458 1905 554 1964 nescit
566 1904 715 1964 Busiridis
729 1903 827 1962 nrcs'?
973 1921 977 1931 ¹
1200 1902 1221 1960 ὅ

233 1996 292 2059 cui
305 2017 366 2064 non
380 1997 477 2056 dictus
491 1997 592 2075 Hyles
605 2017 690 2075 puer,
706 2006 736 2056 et
749 1997 881 2057 Latonia
892 1996 998 2074 Delos,

233 2089 494 2170 Hippodameque,
509 2091 693 2168 humeroque
707 2091 818 2169 Pelops
835 2091 961 2169 insignis
973 2092 1099 2162 eburno,

232 2184 314 2244 Acer
327 2184 414 2262 equis
431 2183 441 2240 l
482 2183 642 2244 Tentanda
655 2186 705 2244 via
718 2193 775 2256 est,
792 2185 853 2262 qud
865 2202 914 2243 mo
929 2203 1047 2262 quoque
1061 2183 1173 2262 possim

232 2277 353 2338 Tollere
367 2277 467 2349 humo,
483 2277 638 2354 victorque
651 2275 748 2339 virdm
762 2279 889 2337 volitare
903 2297 958 2355 per
969 2296 1034 2338 ors.

231 2369 350 2430 Primus
364 2389 422 2449 ego
436 2371 467 2430 in
481 2371 606 2450 patriam
620 2391 747 2444 mecum,
763 2371 850 2430 modd
864 2371 925 2430 vita
938 2369 1078 2449 supersit,
1186 2371 1222 2429 lu

232 2463 330 2524 Aonio
343 2463 463 2523 rediens
477 2463 623 2522 deducam
637 2464 751 2522 vertice
764 2464 872 2523 Musas
885 2483 893 2521 :

232 2554 349 2616 Primus
363 2555 511 2616 Idummas
524 2556 652 2615 reserem
665 2557 729 2628 tihi,
745 2556 883 2629 Mantua,
899 2557 1014 2636 palmos
1026 2574 1035 2627 3

231 2653 272 2713 Et
285 2653 372 2713 viridi
386 2653 417 2712 in
430 2671 536 2730 campo
549 2651 690 2730 templum
703 2652 741 2712 de
755 2671 903 2712 marmore
917 2670 1025 2730 ponam

231 2745 359 2825 Propter
372 2764 492 2822 aquam,
505 2745 599 2805 tardis
612 2746 719 2824 ingens
733 2746 784 2804 uhi
801 2745 928 2805 flexibus
940 2753 1022 2805 errat

232 2837 376 2910 Mincius,
393 2847 422 2898 et
436 2838 543 2898 teneri
556 2839 691 2916 prsetexit
706 2839 851 2899 arundine
864 2840 956 2918 ripas.
1185 2841 1220 2898 15

231 2931 267 2992 ln
284 2933 382 2992 medio
395 2931 466 2990 mihi
481 2931 587 2992 Cesar
601 2933 668 3003 erit,
683 2932 885 3011 templumque
897 2932 1021 3004 tenebit.

232 3025 278 3084 llli
290 3026 387 3085 victor
399 3043 469 3102 ege,
485 3033 514 3084 et
529 3023 623 3102 Tyrio
636 3034 818 3103 conspectus
831 3025 861 3085 in
875 3033 967 3098 ostro,

232 3117 363 3180 (lentum
378 3119 571 3196 quadrijugos
584 3119 706 3198 agitabo
720 3119 758 3178 ad
771 3118 894 3178 flumina
907 3138 1023 3180 currus.

232 3211 352 3273 Cuncta
364 3212 446 3284 mihi,
461 3211 611 3289 Alpheum
625 3211 762 3288 linquens
775 3213 921 3289 lucosque
934 3213 1094 3286 Molorchi,

231 3303 381 3366 Cursibus
395 3313 425 3364 et
438 3304 532 3364 crudo
546 3305 688 3364 decernet
703 3305 826 3366 Graecia
839 3315 942 3366 catatu.
1180 3308 1220 3366 20

229 3398 311 3477 Ipse,
329 3408 419 3476 ceput
437 3407 531 3456 tonsor
545 3397 624 3456 foliis
638 3407 760 3458 ornatus
777 3399 875 3472 olivae,

230 3491 321 3550 Dona
334 3491 437 3551 seram.
478 3491 548 3551 Jam
562 3511 642 3552 nuno
657 3492 806 3551 solemnes
820 3492 932 3552 ducere
946 3513 1071 3573 pompas

231 3584 279 3645 Ad
293 3585 418 3646 delubra
434 3586 531 3662 juvat,
547 3603 704 3658 oaesoeque
718 3585 822 3644 videre
837 3586 985 3663 juvencos
999 3607 1008 3645 z

231 3676 289 3736 Vel
308 3697 400 3737 scena
413 3687 445 3738 ut
459 3678 555 3738 versis
569 3677 703 3737 discedat
717 3679 875 3752 frontibus,
890 3688 982 3756 utque

230 3751 389 3848 Purpurea
402 3772 506 3830 intexti
524 3771 629 3830 tollant
643 3771 741 3830 aulaea
755 3770 902 3832 Britanni.
1179 3775 1220 3834 26

230 3861 266 3924 In
281 3863 396 3923 foribus
410 3883 540 3944 pugnam
554 3884 592 3924 ex
605 3883 680 3924 auro
693 3864 849 3940 solidoque
862 3861 1022 3943 elephanto

230 3956 437 4035 Gangaridum
451 3958 570 4029 faciam,
586 3958 769 4034 victorisque
784 3977 868 4016 arma
881 3955 999 4032 Quirini
1014 3978 1023 4030 3

230 4049 331 4127 Atque
344 4049 395 4110 hic
408 4051 570 4111 undantem
583 4052 662 4111 hello
676 4051 878 4130 magnhmque
891 4051 1033 4114 fluentem

230 4143 260 4204 N
263 4143 343 4217 dum,
359 4164 396 4204 ac
410 4146 510 4205 navali
529 4153 689 4226 surgentes
704 4165 764 4206 erre
778 4145 941 4208 columnas.

229 4237 347 4304 Addam
360 4241 451 4298 urbes
464 4239 548 4306 Asiae¹
561 4239 697 4310 domitas,
714 4240 890 4319 pulsumque
903 4241 1066 4321 Niphaten,
1179 4247 1220 4305 30

230 4329 448 4410 Fidentemque
462 4332 536 4412 lugd
550 4331 696 4394 Parthum
709 4334 866 4413 reumque
879 4337 1007 4416 sagittis

546 4431 564 4486 6
