3167 5234
380 531 421 592 ω
680 527 708 574 r.
721 525 885 574 vincum
903 525 1074 575 uanorrrs

383 665 475 725 Esset
492 665 609 744 rubig'o,
624 666 785 744 segnisque
799 666 934 725 horreret
947 666 978 724 in
991 664 1072 724 arvis

384 759 525 820 Carduus
540 779 546 818 :
569 761 717 819 intereunt
731 768 851 838 segetes
864 779 873 828 ς
894 759 974 818 subit
988 777 1096 836 aspera
1107 757 1193 829 silva,

383 853 556 932 Lappaeque
568 851 728 930 tribulique
742 873 750 922 ;
773 854 910 929 interque
923 852 1047 913 nitentia
1060 852 1143 911 culta

384 946 490 1006 Infelix
504 948 604 1006 lolium
618 957 647 1006 et
661 947 778 1006 steriles
791 948 979 1006 dominantur
991 965 1105 1006 avenae.

382 1039 475 1108 Quod
494 1041 551 1100 nisi
565 1050 594 1100 ct
608 1041 734 1100 assiduis
748 1049 859 1100 terram
872 1041 1058 1099 insectabere
1071 1038 1187 1109 rastris,

382 1133 424 1192 Et
438 1134 534 1193 sonitu
548 1135 676 1193 terrebis
690 1153 771 1206 eves,
788 1143 818 1192 et
831 1134 910 1193 ruris
921 1133 1009 1210 opaci

382 1227 477 1286 Fnlce
491 1247 608 1306 premes
622 1230 752 1300 umbras,
769 1229 904 1304 votisque
918 1226 1073 1285 vocaveris
1086 1226 1221 1296 imbrem,

381 1319 456 1380 Heu
471 1324 477 1380 l
499 1340 639 1399 magnum
653 1322 775 1380 ulterius
789 1321 900 1379 frustra
912 1319 1063 1397 spectabis
1076 1337 1227 1408 acervum,

383 1412 602 1492 Concussisque
617 1415 725 1476 famem
739 1415 768 1473 in
782 1414 865 1473 silvis
878 1414 1015 1472 solabere
1030 1431 1153 1488 quercu.

421 1507 589 1567 Dicendum
604 1517 633 1567 et
648 1528 714 1586 quas
728 1510 786 1566 sint
800 1507 881 1566 duris
894 1506 1062 1585 agrestibus
1075 1523 1168 1576 arma,

383 1600 480 1668 Queis
493 1602 557 1661 sine
571 1621 628 1660 nec
643 1599 766 1679 potuire
780 1602 840 1660 seri
860 1619 918 1659 nec
930 1619 1054 1677 surgere
1068 1616 1204 1680 messes:

382 1695 497 1768 Vomis,
512 1705 542 1754 et
556 1697 656 1756 inflexi
676 1695 801 1776 primirm
814 1714 907 1773 grave
921 1696 1011 1753 robur
1023 1693 1127 1764 aratri,

382 1789 544 1866 Tardaque
558 1789 710 1849 Eleusina
724 1789 827 1847 matris
840 1786 987 1846 volventia
1000 1786 1144 1862 plaustra,

382 1881 578 1960 Tribulaque‚
593 1882 779 1959 trabemque,
793 1889 824 1939 et
844 1881 944 1956 iniquo
959 1879 1089 1958 pondere
1103 1879 1192 1937 rostri
1206 1898 1215 1950 ς

383 1974 498 2054 Virgea
511 1987 658 2054 praeterea
672 1974 759 2036 Celei
773 1975 897 2052 vilisque
912 1974 1057 2052 supellex,

382 2071 524 2130 Arbuteae
539 2079 648 2142 crates,
664 2079 694 2129 st
708 2071 833 2148 mystica
846 2089 960 2128 vannus
974 2067 1077 2128 Iacchi
1091 2087 1099 2126 ι

382 2162 490 2222 Omnia
505 2183 571 2240 quae
585 2163 677 2224 multd
693 2163 761 2222 sntd
776 2182 887 2220 memor
901 2163 1020 2240 provisa
1031 2180 1168 2239 repones,

383 2255 458 2315 Sita
473 2256 563 2335 digna
577 2264 675 2315 manet
689 2256 779 2315 divini
792 2256 887 2335 gloria
901 2255 988 2314 ruris.

422 2348 573 2408 Continub
588 2350 617 2406 in
632 2350 713 2408 silvis
726 2347 837 2426 magni
852 2349 879 2406 vi
892 2349 970 2406 tlexa
983 2348 1119 2407 domatur

381 2441 418 2502 In
432 2443 538 2514 burim,
554 2451 584 2500 et
598 2443 681 2502 curvi
699 2443 822 2501 formam
834 2442 942 2520 accipit
957 2442 1054 2499 ulmus
1067 2439 1169 2498 aratri.

381 2535 465 2594 Huic
479 2555 498 2594 n
512 2537 602 2613 stirpe
617 2536 708 2614 pedes
721 2544 800 2594 temo
815 2545 968 2612 protentus
982 2535 1011 2594 in
1025 2542 1104 2606 octo,

381 2627 466 2686 Binae
481 2647 580 2699 eures,
596 2629 707 2706 duplici
720 2637 859 2706 aptantur
872 2629 1003 2686 dentalia
1016 2627 1114 2686 dorso.

383 2721 519 2783 Caeditur
532 2731 561 2780 et
575 2722 639 2780 tilie
652 2722 720 2780 ante
737 2723 813 2800 jugo
826 2722 911 2793 levis,
927 2723 1047 2796 altaque
1060 2720 1147 2798 fagus

383 2815 537 2892 Stiveque,
554 2834 619 2890 quae
635 2835 740 2872 currus
753 2834 771 2872 a
785 2823 871 2892 tergo
884 2822 1022 2890 torqueat
1035 2813 1110 2870 imos
1123 2831 1130 2870 :

380 2907 421 2968 Et
437 2927 581 2984 suspensa
594 2907 667 2965 focis
681 2907 816 2986 explorat
829 2907 937 2965 robora
951 2906 1057 2966 sumus.

419 3000 546 3060 Possum
560 3002 652 3060 multa
664 3001 717 3059 tibi
731 3009 864 3061 veterum
877 3008 1028 3080 praecepta
1041 2999 1165 3071 referre,
1277 3070 1282 3078 ‚

381 3094 423 3154 Ni
436 3094 559 3172 refugis,
575 3102 740 3172 tenuesque
754 3095 835 3173 piget
848 3113 1031 3172 cognoscere
1046 3112 1144 3151 cures.

380 3189 464 3247 Area
478 3207 545 3246 cum
559 3187 659 3264 primis
672 3188 785 3267 ingenti
800 3188 946 3264 aequanda
959 3187 1103 3264 cylindro,

381 3281 422 3340 Et
437 3281 579 3340 vertenda
592 3301 690 3354 manu,
707 3289 736 3340 et
750 3279 836 3340 creti
849 3281 1002 3339 solidanda
1014 3279 1124 3350 tenaci,

380 3374 410 3434 N
413 3393 429 3432 e
444 3374 569 3432 subeant
583 3374 695 3446 berbae,
711 3394 770 3432 neu
786 3376 907 3452 pulvere
921 3373 1001 3431 ricta
1014 3372 1131 3430 fatiscet
1145 3390 1153 3441 ;
1306 3373 1362 3431 180

380 3467 459 3527 Tum
473 3468 562 3526 variae
578 3469 700 3527 illudant
714 3477 834 3545 pestes:
856 3466 936 3545 saepd
951 3467 1154 3545 exiguusmus

382 3559 443 3617 Sub
456 3560 544 3618 terris
559 3561 714 3640 posuitque
729 3561 831 3619 domos
844 3569 932 3637 atque
946 3559 1056 3617 horres
1069 3559 1139 3616 lecit
1153 3577 1161 3628 3

380 3653 441 3710 Aut
455 3653 549 3711 oculis
563 3654 641 3731 capti
655 3650 755 3712 sodire
770 3652 881 3712 cubilia
894 3651 981 3729 talpa
996 3670 1006 3721 ;

380 3743 577 3824 Inventusqne
592 3747 674 3808 cavis
687 3747 768 3818 bulo,
784 3753 814 3804 et
829 3765 895 3822 qum
910 3744 1032 3823 plurima
1047 3751 1136 3802 terrm

379 3837 516 3899 Monstra
530 3840 625 3898 serunt
642 3859 650 3911 ;
674 3839 853 3923 populatque
867 3837 1017 3916 ingentem
1030 3837 1117 3898 farris
1131 3853 1272 3896 acervum
1304 3834 1360 3896 185

381 3929 535 4004 Curculio,
552 3942 641 4010 atque
656 3933 735 4012 inopi
749 3941 883 3992 metuens
898 3931 1020 3990 formica
1034 3939 1173 3992 senecio.

420 4023 645 4102 Contemplator
658 4026 737 4099 item,
755 4046 846 4104 quum
858 4031 891 4084 ee
905 4045 965 4084 nux
979 4024 1105 4105 plurima
1119 4023 1202 4082 silvis

380 4115 487 4176 Induat
501 4118 531 4176 in
545 4117 647 4176 florem
660 4127 690 4178 et
703 4139 801 4178 ramos
815 4119 950 4178 curvabit
964 4119 1078 4177 olentes
1093 4135 1101 4174 ι

380 4209 412 4268 Si
425 4219 566 4288 superant
580 4211 679 4284 foetus,
696 4212 807 4290 pariter
820 4214 967 4272 frumenta
980 4217 1152 4287 sequentur,

378 4301 552 4383 Magnaque
567 4325 634 4365 cum
648 4325 755 4386 magno
769 4308 866 4368 veniet
880 4307 986 4366 tritura
999 4306 1121 4366 calore:
1303 4305 1360 4364 190
