3167 5234
541 500 767 603 anonumum
781 554 850 603 ΜΒ.
865 556 917 603 ΠΙ.

238 694 423 765 concussus,
438 691 595 769 silvaeque,
610 700 641 752 et
654 693 728 753 sicci
741 693 806 771 ripa
820 686 964 773 Tanagri.

236 788 306 847 Hoc
320 786 471 865 quondam
482 794 615 845 monstro
628 786 786 845 horribiles
799 789 934 847 exercuit
948 789 1009 848 iras

237 880 368 940 lnecbiae
381 880 464 939 Juno
477 889 593 957 postem
606 880 750 938 meditata
763 880 912 956 juvencas.

236 976 329 1036 Hunc
343 995 473 1055 quoque,
489 994 560 1035 nam
572 976 677 1035 mediis
690 977 857 1036 fervoribus
871 978 970 1037 acrior
982 978 1082 1051 instat,

236 1070 365 1129 Ar'cebis
383 1070 508 1149 gravido
523 1070 635 1148 pecori,
652 1077 846 1146 armentaque
860 1090 967 1148 pasces

238 1164 306 1223 Sole
319 1163 429 1223 recens
442 1172 519 1235 orto,
535 1172 586 1221 aut
604 1172 722 1221 noctem
736 1164 912 1223 ducentibus
926 1166 1023 1225 astris.

274 1258 349 1318 Post
361 1271 489 1336 partum,
505 1277 581 1317 cura
592 1259 624 1316 in
637 1257 745 1316 vitulos
758 1258 923 1318 traducitur
936 1260 1031 1319 omnis
1045 1280 1053 1331 3

238 1350 449 1427 Continuoque
463 1359 552 1409 notas
564 1359 594 1409 et
607 1352 728 1409 nomina
741 1352 839 1429 gentis
853 1352 973 1417 inurunt
989 1372 996 1423 ;

236 1446 278 1505 Et
292 1466 368 1523 quos
379 1455 430 1505 ant
444 1447 547 1525 pecori
560 1446 663 1506 malint
674 1448 848 1507 submittere
862 1447 1010 1521 habendo,

236 1540 299 1599 Aut
313 1540 372 1597 sris
385 1558 507 1597 serrare
520 1558 635 1611 sacros,
651 1549 702 1598 aut
715 1541 852 1599 scindere
866 1550 988 1613 terram,

236 1632 279 1691 Et
293 1651 427 1711 campum
440 1634 610 1691 horrentem
624 1634 726 1692 fractis
739 1632 888 1693 invertere
903 1637 999 1713 glebis
1014 1653 1021 1693 :

238 1725 361 1786 Caetera
374 1736 538 1805 pascuntur
550 1728 660 1787 virides
674 1737 805 1787 armenta
822 1748 875 1806 per
888 1731 1008 1790 herbas.

235 1819 284 1878 Tu
299 1840 375 1897 quos
388 1821 426 1879 ad
439 1821 570 1879 studium
582 1830 673 1898 atque
687 1841 773 1880 usum
786 1822 927 1881 formabis
941 1830 1101 1901 agrestem,

235 1912 305 1972 Jnm
318 1914 427 1973 vitulos
439 1915 570 1986 hortare,
586 1916 724 1993 viamque
738 1916 841 1975 insiste
856 1916 1003 1989 domandi,

235 2004 318 2065 Dum
330 2006 437 2066 faciles
450 2008 541 2066 animi
556 2009 709 2085 juvenum,
725 2008 796 2068 dum
809 2010 925 2068 mobilis
940 2018 1022 2070 aetas.
1166 2012 1221 2069 165

236 2099 285 2159 Ac
298 2100 425 2179 primiun
440 2102 525 2159 laxos
537 2103 621 2160 tenui
633 2103 671 2161 de
685 2103 794 2161 vimine
809 2103 918 2161 circlos

237 2191 360 2254 Cervici
372 2196 516 2253 subnecte
530 2214 539 2265 3
561 2195 680 2268 debinc,
696 2197 747 2254 ubi
760 2197 856 2255 libera
870 2197 948 2255 colla

237 2288 365 2347 Servilio
378 2286 539 2359 assudrint,
554 2289 626 2366 ipsis
640 2308 658 2347 e
670 2290 827 2365 torquibus
842 2298 926 2368 aptos

235 2380 338 2460 Junge
352 2396 450 2460 pares,
467 2390 498 2440 et
511 2401 587 2460 coge
600 2382 727 2461 gradum
740 2383 878 2441 conferre
894 2384 1041 2459 juvencos
1055 2402 1064 2453 ;

236 2472 338 2552 Atque
351 2476 411 2534 illis
426 2475 489 2551 jam
507 2475 587 2552 saepb
601 2484 675 2534 rotae
689 2477 836 2534 ducantur
849 2477 954 2535 inanes
1052 2503 1057 2513 ¹

235 2568 296 2627 Per
307 2576 430 2639 terram,
446 2576 476 2626 et
489 2588 604 2627 summo
618 2569 746 2647 vestigia
759 2570 881 2645 pulvere
896 2570 1023 2647 signent.

235 2662 310 2722 Pdst
322 2664 422 2723 valido
435 2664 534 2723 nitens
547 2666 602 2723 sub
617 2664 748 2741 pondere
762 2664 881 2743 faginus
895 2665 959 2723 axis

237 2758 397 2837 instrepat,
413 2767 444 2819 et
460 2760 582 2836 junctos
595 2768 674 2819 temo
686 2762 786 2818 trabat
802 2780 898 2819 aereus
912 2762 1009 2821 orbes.

236 2850 358 2911 Interea
371 2853 443 2932 pubi
456 2854 604 2912 indomito
618 2874 677 2912 non
691 2854 828 2933 gramina
840 2855 964 2926 tanttim,

235 2945 302 3005 Neo
317 2966 425 3005 vescas
438 2948 564 3006 salicum
577 2947 706 3019 frondea,
723 2949 882 3025 ulvamque
897 2949 1067 3025 palustrem,

237 3039 295 3097 Sed
309 3040 459 3098 frumenta
470 3058 562 3100 manu
575 3060 682 3118 carpes
695 3048 762 3099 sata
775 3061 784 3111 ;
808 3034 865 3099 ne'o
878 3042 931 3099 tibi
945 3042 1036 3113 foetae,

235 3131 322 3190 More
335 3142 464 3211 patrum,
480 3134 569 3192 nivea
582 3134 744 3211 implebunt
757 3134 930 3193 mulctraria
943 3153 1045 3194 vnccae
1058 3154 1067 3207 3

235 3224 294 3283 Sed
312 3234 377 3283 tota
389 3226 420 3283 in
433 3226 538 3284 dulces
551 3235 725 3285 consument
738 3228 834 3284 ubera
850 3236 943 3287 natos.

274 3318 327 3375 Sin
341 3318 379 3377 ad
392 3319 473 3377 bella
486 3318 584 3397 magis
597 3319 735 3390 studium,
751 3329 924 3396 turmasque
938 3322 1064 3393 feroces,

233 3412 296 3469 Aut
309 3410 430 3489 Alphea
443 3412 516 3470 rotis
530 3413 654 3489 praelabi
671 3413 791 3471 flumina
807 3414 897 3485 Pisae,

233 3503 276 3561 Et
289 3503 376 3562 Joris
388 3503 419 3561 in
431 3505 501 3562 luco
515 3523 622 3563 currus
636 3506 753 3583 agitare
766 3507 900 3565 volantes
914 3526 921 3576 3

234 3594 355 3655 Primus
367 3597 438 3674 equi
450 3597 537 3655 labor
550 3608 606 3668 est,
623 3600 737 3657 animos
751 3609 841 3677 atque
856 3619 939 3658 erma
953 3601 1055 3661 videre

234 3688 414 3761 Bellanttim,
429 3691 578 3766 lituosque
593 3692 663 3769 pati,
679 3702 838 3771 tractuque
854 3701 1024 3773 gementem

234 3782 332 3841 Ferre
343 3792 449 3856 rotam,
465 3790 496 3841 et
508 3786 625 3843 stabulo
638 3785 749 3844 fraenos
763 3788 866 3845 audire
883 3794 1043 3855 sonantem

233 3873 312 3933 Tum
325 3876 424 3954 magis
440 3884 530 3953 atque
543 3876 640 3956 magia
654 3879 771 3936 blandis
784 3879 917 3956 gaudere
929 3878 1063 3956 magistri

232 3967 400 4042 Laudibus,
417 3978 447 4027 et
460 3971 574 4048 plausae
587 3972 716 4030 sonitum
729 3972 856 4029 cervicis
871 3990 981 4030 amare.

233 4062 336 4138 Atque
349 4064 416 4121 haeo
430 4063 494 4138 jam
511 4065 605 4142 primo
618 4065 760 4142 depulsus
773 4067 811 4122 ab
827 4067 918 4123 ubere
933 4066 1034 4127 mattis

233 4148 364 4227 Audeat,
381 4156 471 4233 inque
484 4158 581 4217 ricem
593 4159 642 4217 det
655 4158 793 4216 mollibus
805 4178 859 4217 ora
872 4160 1010 4237 capistris

234 4246 398 4321 Invalidus,
414 4252 565 4328 etiamque
583 4261 723 4323 tremens,
740 4252 828 4311 etiam
842 4254 954 4312 inscius
968 4252 1033 4315 aevi.

235 4342 285 4415 At,
300 4342 398 4403 tribus
411 4346 536 4417 exactis,
553 4346 603 4407 ubi
618 4354 725 4423 quarto
738 4348 900 4406 accesserit
916 4356 1014 4419 mutas,

511 4443 555 4497 6*
931 4460 942 4500 1
