<?xml version="1.0" encoding="UTF-8"?>
<!DOCTYPE html PUBLIC "-//W3C//DTD XHTML 1.0 Transitional//EN"
    "http://www.w3.org/TR/xhtml1/DTD/xhtml1-transitional.dtd">
<html xmlns="http://www.w3.org/1999/xhtml" xml:lang="en" lang="en">
 <head>
  <title>
</title>
<meta http-equiv="Content-Type" content="text/html;charset=utf-8" />
  <meta name='ocr-system' content='tesseract 3.04.00' />
  <meta name='ocr-capabilities' content='ocr_page ocr_carea ocr_par ocr_line ocrx_word'/>
</head>
<body>
  <div class='ocr_page' id='page_1' title='image "./pvirgiliimaroni01bowegoog/pvirgiliimaroni01bowegoog_0106.png"; bbox 0 0 3167 5234; ppageno 0'>
   <div class='ocr_carea' id='block_1_1' title="bbox 333 498 1031 568">
    <p class='ocr_par' dir='ltr' id='par_1_1' title="bbox 333 498 1031 568">
     <span class='ocr_line' id='line_1_1' title="bbox 333 498 1031 568; baseline -0.007 -16"><span class='ocrx_word' id='word_1_1' title='bbox 333 510 390 568; x_wconf 75' lang='lat'><strong>104</strong></span> <span class='ocrx_word' id='word_1_2' title='bbox 618 501 645 549; x_wconf 78' lang='lat' dir='ltr'><strong>P.</strong></span> <span class='ocrx_word' id='word_1_3' title='bbox 666 498 833 545; x_wconf 82' lang='lat' dir='ltr'><strong>VIRGlLll</strong></span> <span class='ocrx_word' id='word_1_4' title='bbox 857 498 1031 548; x_wconf 77' lang='lat' dir='ltr'><strong>Msaonls</strong></span> 
     </span>
    </p>
   </div>
   <div class='ocr_carea' id='block_1_2' title="bbox 280 638 1184 4411">
    <p class='ocr_par' dir='ltr' id='par_1_2' title="bbox 328 638 1176 1583">
     <span class='ocr_line' id='line_1_2' title="bbox 330 638 1176 718; baseline -0.005 -15"><span class='ocrx_word' id='word_1_5' title='bbox 330 640 482 714; x_wconf 67' lang='lat' dir='ltr'><strong>AEtherid,</strong></span> <span class='ocrx_word' id='word_1_6' title='bbox 496 659 596 718; x_wconf 87' lang='lat' dir='ltr'><strong>neque</strong></span> <span class='ocrx_word' id='word_1_7' title='bbox 609 638 708 698; x_wconf 76' lang='lat' dir='ltr'><strong>adbuc</strong></span> <span class='ocrx_word' id='word_1_8' title='bbox 722 638 896 699; x_wconf 78' lang='lat' dir='ltr'><strong>crudelibus</strong></span> <span class='ocrx_word' id='word_1_9' title='bbox 910 640 1039 699; x_wconf 86' lang='lat' dir='ltr'><strong>occubat</strong></span> <span class='ocrx_word' id='word_1_10' title='bbox 1054 639 1176 713; x_wconf 84' lang='lat' dir='ltr'><strong>umbris,</strong></span> 
     </span>
     <span class='ocr_line' id='line_1_3' title="bbox 329 732 1019 813; baseline -0.007 -15"><span class='ocrx_word' id='word_1_11' title='bbox 329 738 360 799; x_wconf 91' lang='lat' dir='ltr'>N</span> <span class='ocrx_word' id='word_1_12' title='bbox 361 758 400 797; x_wconf 90' lang='lat' dir='ltr'><strong>on</strong></span> <span class='ocrx_word' id='word_1_13' title='bbox 418 747 515 796; x_wconf 91' lang='lat' dir='ltr'><strong>metus</strong></span> <span class='ocrx_word' id='word_1_14' title='bbox 528 734 628 794; x_wconf 88' lang='lat' dir='ltr'><strong>officio</strong></span> <span class='ocrx_word' id='word_1_15' title='bbox 641 753 681 793; x_wconf 87' lang='lat' dir='ltr'><strong>ne</strong></span> <span class='ocrx_word' id='word_1_16' title='bbox 694 742 725 793; x_wconf 89' lang='lat' dir='ltr'><strong>te</strong></span> <span class='ocrx_word' id='word_1_17' title='bbox 739 732 875 793; x_wconf 67' lang='lat' dir='ltr'><strong>certisse</strong></span> <span class='ocrx_word' id='word_1_18' title='bbox 890 734 1019 813; x_wconf 78' lang='lat' dir='ltr'><strong>priorem</strong></span> 
     </span>
     <span class='ocr_line' id='line_1_4' title="bbox 329 829 1085 909; baseline -0.008 -16"><span class='ocrx_word' id='word_1_19' title='bbox 329 832 489 893; x_wconf 86' lang='lat' dir='ltr'><strong>Poeniteat.</strong></span> <span class='ocrx_word' id='word_1_20' title='bbox 532 832 607 889; x_wconf 88' lang='lat' dir='ltr'><strong>Sunt</strong></span> <span class='ocrx_word' id='word_1_21' title='bbox 625 837 656 888; x_wconf 87' lang='lat' dir='ltr'><strong>et</strong></span> <span class='ocrx_word' id='word_1_22' title='bbox 670 829 780 888; x_wconf 83' lang='lat' dir='ltr'><strong>Siculis</strong></span> <span class='ocrx_word' id='word_1_23' title='bbox 795 830 968 909; x_wconf 75' lang='lat' dir='ltr'><strong>regionibus</strong></span> <span class='ocrx_word' id='word_1_24' title='bbox 984 830 1085 900; x_wconf 88' lang='lat' dir='ltr'><strong>urbes,</strong></span> 
     </span>
     <span class='ocr_line' id='line_1_5' title="bbox 329 924 1158 1004; baseline -0.005 -17"><span class='ocrx_word' id='word_1_25' title='bbox 329 926 484 1004; x_wconf 78' lang='lat' dir='ltr'><strong>Arvaque,</strong></span> <span class='ocrx_word' id='word_1_26' title='bbox 498 925 694 1003; x_wconf 87' lang='lat' dir='ltr'><strong>Trojanoque</strong></span> <span class='ocrx_word' id='word_1_27' title='bbox 709 944 728 982; x_wconf 92' lang='lat' dir='ltr'><strong>a</strong></span> <span class='ocrx_word' id='word_1_28' title='bbox 741 925 891 1003; x_wconf 87' lang='lat' dir='ltr'><strong>sanguine</strong></span> <span class='ocrx_word' id='word_1_29' title='bbox 905 925 1006 983; x_wconf 83' lang='lat' dir='ltr'><strong>clarus</strong></span> <span class='ocrx_word' id='word_1_30' title='bbox 1020 924 1158 983; x_wconf 77' lang='lat' dir='ltr'><strong>Acestes.</strong></span> 
     </span>
     <span class='ocr_line' id='line_1_6' title="bbox 331 1018 1072 1091; baseline -0.004 -12"><span class='ocrx_word' id='word_1_31' title='bbox 331 1020 514 1089; x_wconf 75' lang='lat' dir='ltr'><strong>Quassatam</strong></span> <span class='ocrx_word' id='word_1_32' title='bbox 528 1019 625 1078; x_wconf 86' lang='lat' dir='ltr'><strong>ventis</strong></span> <span class='ocrx_word' id='word_1_33' title='bbox 642 1019 733 1077; x_wconf 90' lang='lat' dir='ltr'><strong>liceat</strong></span> <span class='ocrx_word' id='word_1_34' title='bbox 747 1018 918 1077; x_wconf 87' lang='lat' dir='ltr'><strong>subducere</strong></span> <span class='ocrx_word' id='word_1_35' title='bbox 933 1019 1072 1091; x_wconf 84' lang='lat' dir='ltr'><strong>classem,</strong></span> 
     </span>
     <span class='ocr_line' id='line_1_7' title="bbox 329 1111 1057 1191; baseline -0.007 -17"><span class='ocrx_word' id='word_1_36' title='bbox 329 1114 371 1174; x_wconf 87' lang='lat' dir='ltr'><strong>Et</strong></span> <span class='ocrx_word' id='word_1_37' title='bbox 385 1115 467 1173; x_wconf 87' lang='lat' dir='ltr'><strong>silvis</strong></span> <span class='ocrx_word' id='word_1_38' title='bbox 481 1122 586 1191; x_wconf 84' lang='lat' dir='ltr'><strong>aptare</strong></span> <span class='ocrx_word' id='word_1_39' title='bbox 600 1114 712 1184; x_wconf 77' lang='lat' dir='ltr'><strong>trabes,</strong></span> <span class='ocrx_word' id='word_1_40' title='bbox 729 1120 759 1169; x_wconf 91' lang='lat' dir='ltr'><strong>et</strong></span> <span class='ocrx_word' id='word_1_41' title='bbox 772 1111 922 1191; x_wconf 86' lang='lat' dir='ltr'><strong>stringere</strong></span> <span class='ocrx_word' id='word_1_42' title='bbox 936 1130 1034 1169; x_wconf 84' lang='lat' dir='ltr'><strong>remos</strong></span> <span class='ocrx_word' id='word_1_43' title='bbox 1048 1130 1057 1183; x_wconf 88' lang='lat'>;</span> 
     </span>
     <span class='ocr_line' id='line_1_8' title="bbox 330 1203 994 1285; baseline -0.008 -17"><span class='ocrx_word' id='word_1_44' title='bbox 330 1210 364 1268; x_wconf 92' lang='lat' dir='ltr'><strong>Si</strong></span> <span class='ocrx_word' id='word_1_45' title='bbox 377 1209 464 1267; x_wconf 87' lang='lat' dir='ltr'><strong>datur</strong></span> <span class='ocrx_word' id='word_1_46' title='bbox 477 1203 606 1279; x_wconf 85' lang='lat' dir='ltr'><strong>ltaliam,</strong></span> <span class='ocrx_word' id='word_1_47' title='bbox 623 1207 714 1266; x_wconf 90' lang='lat' dir='ltr'><strong>sociis</strong></span> <span class='ocrx_word' id='word_1_48' title='bbox 728 1214 758 1265; x_wconf 88' lang='lat' dir='ltr'><strong>et</strong></span> <span class='ocrx_word' id='word_1_49' title='bbox 772 1225 846 1285; x_wconf 89' lang='lat' dir='ltr'><strong>rege</strong></span> <span class='ocrx_word' id='word_1_50' title='bbox 861 1213 994 1282; x_wconf 84' lang='lat' dir='ltr'><strong>recepto,</strong></span> 
     </span>
     <span class='ocr_line' id='line_1_9' title="bbox 329 1300 1111 1377; baseline -0.003 -16"><span class='ocrx_word' id='word_1_51' title='bbox 329 1302 482 1375; x_wconf 88' lang='lat' dir='ltr'><strong>Tendere,</strong></span> <span class='ocrx_word' id='word_1_52' title='bbox 499 1312 530 1362; x_wconf 89' lang='lat' dir='ltr'><strong>ut</strong></span> <span class='ocrx_word' id='word_1_53' title='bbox 544 1303 664 1361; x_wconf 87' lang='lat' dir='ltr'><strong>ltaliam</strong></span> <span class='ocrx_word' id='word_1_54' title='bbox 678 1302 738 1361; x_wconf 84' lang='lat' dir='ltr'><strong>lseti</strong></span> <span class='ocrx_word' id='word_1_55' title='bbox 752 1300 935 1377; x_wconf 84' lang='lat' dir='ltr'><strong>Latiumque</strong></span> <span class='ocrx_word' id='word_1_56' title='bbox 950 1308 1087 1377; x_wconf 83' lang='lat' dir='ltr'><strong>petamus</strong></span> <span class='ocrx_word' id='word_1_57' title='bbox 1102 1318 1111 1371; x_wconf 71' lang='grc' dir='ltr'>ς</span> 
     </span>
     <span class='ocr_line' id='line_1_10' title="bbox 330 1390 1162 1475; baseline -0.007 -18"><span class='ocrx_word' id='word_1_58' title='bbox 330 1397 383 1457; x_wconf 90' lang='lat' dir='ltr'><strong>Sin</strong></span> <span class='ocrx_word' id='word_1_59' title='bbox 397 1400 554 1475; x_wconf 88' lang='lat' dir='ltr'><strong>absumpta</strong></span> <span class='ocrx_word' id='word_1_60' title='bbox 568 1398 661 1469; x_wconf 86' lang='lat' dir='ltr'><strong>salus,</strong></span> <span class='ocrx_word' id='word_1_61' title='bbox 677 1405 707 1454; x_wconf 89' lang='lat' dir='ltr'><strong>et</strong></span> <span class='ocrx_word' id='word_1_62' title='bbox 720 1405 762 1467; x_wconf 87' lang='lat' dir='ltr'><strong>te,</strong></span> <span class='ocrx_word' id='word_1_63' title='bbox 779 1404 863 1473; x_wconf 87' lang='lat' dir='ltr'><strong>pater</strong></span> <span class='ocrx_word' id='word_1_64' title='bbox 877 1394 986 1472; x_wconf 90' lang='lat' dir='ltr'><strong>optime</strong></span> <span class='ocrx_word' id='word_1_65' title='bbox 999 1390 1162 1467; x_wconf 77' lang='lat' dir='ltr'><strong>Teucriim,</strong></span> 
     </span>
     <span class='ocr_line' id='line_1_11' title="bbox 328 1486 1108 1583; baseline -0.009 -31"><span class='ocrx_word' id='word_1_66' title='bbox 328 1492 443 1552; x_wconf 86' lang='lat' dir='ltr'><strong>Pontus</strong></span> <span class='ocrx_word' id='word_1_67' title='bbox 457 1492 549 1583; x_wconf 75' lang='lat' dir='ltr'><strong>hqbet</strong></span> <span class='ocrx_word' id='word_1_68' title='bbox 564 1491 679 1569; x_wconf 73' lang='lat' dir='ltr'><strong>Libyes,</strong></span> <span class='ocrx_word' id='word_1_69' title='bbox 695 1508 753 1548; x_wconf 90' lang='lat' dir='ltr'><strong>nec</strong></span> <span class='ocrx_word' id='word_1_70' title='bbox 766 1508 837 1567; x_wconf 86' lang='lat' dir='ltr'><strong>spes</strong></span> <span class='ocrx_word' id='word_1_71' title='bbox 853 1488 916 1565; x_wconf 90' lang='lat' dir='ltr'><strong>jam</strong></span> <span class='ocrx_word' id='word_1_72' title='bbox 931 1495 1026 1546; x_wconf 87' lang='lat' dir='ltr'><strong>restat</strong></span> <span class='ocrx_word' id='word_1_73' title='bbox 1040 1486 1108 1560; x_wconf 88' lang='lat' dir='ltr'><strong>iuli,</strong></span> 
     </span>
    </p>

    <p class='ocr_par' dir='ltr' id='par_1_3' title="bbox 280 1582 1124 1932">
     <span class='ocr_line' id='line_1_12' title="bbox 280 1582 1055 1659; baseline -0.009 -12"><span class='ocrx_word' id='word_1_74' title='bbox 280 1621 286 1629; x_wconf 95' lang='lat'>·</span> <span class='ocrx_word' id='word_1_75' title='bbox 329 1586 371 1647; x_wconf 88' lang='lat' dir='ltr'><strong>At</strong></span> <span class='ocrx_word' id='word_1_76' title='bbox 388 1587 466 1645; x_wconf 84' lang='lat' dir='ltr'><strong>freta</strong></span> <span class='ocrx_word' id='word_1_77' title='bbox 480 1586 608 1645; x_wconf 75' lang='lat' dir='ltr'><strong>Sicanias</strong></span> <span class='ocrx_word' id='word_1_78' title='bbox 622 1586 742 1655; x_wconf 86' lang='lat' dir='ltr'><strong>saltem,</strong></span> <span class='ocrx_word' id='word_1_79' title='bbox 758 1582 907 1659; x_wconf 85' lang='lat' dir='ltr'><strong>sedesque</strong></span> <span class='ocrx_word' id='word_1_80' title='bbox 922 1590 1055 1659; x_wconf 87' lang='lat' dir='ltr'><strong>paratas,</strong></span> 
     </span>
     <span class='ocr_line' id='line_1_13' title="bbox 329 1676 1124 1757; baseline -0.005 -18"><span class='ocrx_word' id='word_1_81' title='bbox 329 1680 417 1739; x_wconf 87' lang='lat' dir='ltr'><strong>Unde</strong></span> <span class='ocrx_word' id='word_1_82' title='bbox 431 1681 491 1739; x_wconf 92' lang='lat' dir='ltr'><strong>huc</strong></span> <span class='ocrx_word' id='word_1_83' title='bbox 506 1680 634 1752; x_wconf 82' lang='lat' dir='ltr'><strong>advecti,</strong></span> <span class='ocrx_word' id='word_1_84' title='bbox 650 1696 815 1757; x_wconf 83' lang='lat' dir='ltr'><strong>regemque</strong></span> <span class='ocrx_word' id='word_1_85' title='bbox 831 1684 967 1755; x_wconf 84' lang='lat' dir='ltr'><strong>petamus</strong></span> <span class='ocrx_word' id='word_1_86' title='bbox 980 1676 1124 1735; x_wconf 78' lang='lat' dir='ltr'><strong>Acesten.</strong></span> 
     </span>
     <span class='ocr_line' id='line_1_14' title="bbox 328 1770 1097 1835; baseline -0.009 -1"><span class='ocrx_word' id='word_1_87' title='bbox 328 1776 456 1835; x_wconf 87' lang='lat' dir='ltr'><strong>Talibus</strong></span> <span class='ocrx_word' id='word_1_88' title='bbox 470 1774 624 1833; x_wconf 86' lang='lat' dir='ltr'><strong>Ilioneus:</strong></span> <span class='ocrx_word' id='word_1_89' title='bbox 644 1772 747 1832; x_wconf 87' lang='lat' dir='ltr'><strong>cuncti</strong></span> <span class='ocrx_word' id='word_1_90' title='bbox 761 1771 850 1830; x_wconf 90' lang='lat' dir='ltr'><strong>simul</strong></span> <span class='ocrx_word' id='word_1_91' title='bbox 863 1790 916 1833; x_wconf 83' lang='lat' dir='ltr'><strong>ore</strong></span> <span class='ocrx_word' id='word_1_92' title='bbox 930 1770 1097 1828; x_wconf 84' lang='lat' dir='ltr'><strong>fremebant</strong></span> 
     </span>
     <span class='ocr_line' id='line_1_15' title="bbox 328 1870 523 1932; baseline -0.01 0"><span class='ocrx_word' id='word_1_93' title='bbox 328 1870 523 1932; x_wconf 78' lang='lat' dir='ltr'><strong>Dardanides.</strong></span> 
     </span>
    </p>

    <p class='ocr_par' dir='ltr' id='par_1_4' title="bbox 328 1960 1155 2325">
     <span class='ocr_line' id='line_1_16' title="bbox 368 1960 1155 2041; baseline -0.006 -17"><span class='ocrx_word' id='word_1_94' title='bbox 368 1965 448 2025; x_wconf 93' lang='lat' dir='ltr'><strong>Tum</strong></span> <span class='ocrx_word' id='word_1_95' title='bbox 461 1966 594 2024; x_wconf 88' lang='lat' dir='ltr'><strong>breviter</strong></span> <span class='ocrx_word' id='word_1_96' title='bbox 606 1964 698 2037; x_wconf 93' lang='lat' dir='ltr'><strong>Dido,</strong></span> <span class='ocrx_word' id='word_1_97' title='bbox 714 1964 828 2023; x_wconf 86' lang='lat' dir='ltr'><strong>vultum</strong></span> <span class='ocrx_word' id='word_1_98' title='bbox 844 1962 983 2035; x_wconf 88' lang='lat' dir='ltr'><strong>demissa,</strong></span> <span class='ocrx_word' id='word_1_99' title='bbox 999 1960 1155 2041; x_wconf 85' lang='lat' dir='ltr'><strong>profstur:</strong></span> 
     </span>
     <span class='ocr_line' id='line_1_17' title="bbox 331 2059 1123 2134; baseline -0.005 -12"><span class='ocrx_word' id='word_1_100' title='bbox 331 2064 443 2123; x_wconf 84' lang='lat' dir='ltr'><strong>Solvite</strong></span> <span class='ocrx_word' id='word_1_101' title='bbox 458 2063 548 2122; x_wconf 87' lang='lat' dir='ltr'><strong>corde</strong></span> <span class='ocrx_word' id='word_1_102' title='bbox 562 2071 684 2134; x_wconf 90' lang='lat' dir='ltr'><strong>metum,</strong></span> <span class='ocrx_word' id='word_1_103' title='bbox 701 2060 815 2120; x_wconf 89' lang='lat' dir='ltr'><strong>Teucri</strong></span> <span class='ocrx_word' id='word_1_104' title='bbox 831 2080 839 2130; x_wconf 92' lang='lat'>;</span> <span class='ocrx_word' id='word_1_105' title='bbox 862 2059 1009 2118; x_wconf 89' lang='lat' dir='ltr'><strong>secludite</strong></span> <span class='ocrx_word' id='word_1_106' title='bbox 1023 2077 1123 2118; x_wconf 81' lang='lat' dir='ltr'><strong>curas.</strong></span> 
     </span>
     <span class='ocr_line' id='line_1_18' title="bbox 329 2154 1047 2236; baseline -0.008 -19"><span class='ocrx_word' id='word_1_107' title='bbox 329 2157 395 2217; x_wconf 87' lang='lat' dir='ltr'><strong>Res</strong></span> <span class='ocrx_word' id='word_1_108' title='bbox 409 2158 486 2217; x_wconf 85' lang='lat' dir='ltr'><strong>dura</strong></span> <span class='ocrx_word' id='word_1_109' title='bbox 499 2166 530 2215; x_wconf 86' lang='lat' dir='ltr'><strong>et</strong></span> <span class='ocrx_word' id='word_1_110' title='bbox 550 2158 638 2236; x_wconf 86' lang='lat' dir='ltr'><strong>regni</strong></span> <span class='ocrx_word' id='word_1_111' title='bbox 655 2157 771 2215; x_wconf 85' lang='lat' dir='ltr'><strong>novitas</strong></span> <span class='ocrx_word' id='word_1_112' title='bbox 786 2173 834 2213; x_wconf 88' lang='lat' dir='ltr'><strong>me</strong></span> <span class='ocrx_word' id='word_1_113' title='bbox 847 2154 921 2213; x_wconf 88' lang='lat' dir='ltr'><strong>talia</strong></span> <span class='ocrx_word' id='word_1_114' title='bbox 935 2161 1047 2233; x_wconf 85' lang='lat' dir='ltr'><strong>cogunt</strong></span> 
     </span>
     <span class='ocr_line' id='line_1_19' title="bbox 328 2250 899 2325; baseline -0.005 -14"><span class='ocrx_word' id='word_1_115' title='bbox 328 2252 442 2325; x_wconf 88' lang='lat' dir='ltr'><strong>Moliri,</strong></span> <span class='ocrx_word' id='word_1_116' title='bbox 458 2260 488 2311; x_wconf 87' lang='lat' dir='ltr'><strong>et</strong></span> <span class='ocrx_word' id='word_1_117' title='bbox 506 2252 568 2311; x_wconf 76' lang='lat' dir='ltr'><strong>latd</strong></span> <span class='ocrx_word' id='word_1_118' title='bbox 582 2252 658 2309; x_wconf 84' lang='lat' dir='ltr'><strong>fines</strong></span> <span class='ocrx_word' id='word_1_119' title='bbox 672 2250 797 2309; x_wconf 87' lang='lat' dir='ltr'><strong>custode</strong></span> <span class='ocrx_word' id='word_1_120' title='bbox 811 2250 899 2308; x_wconf 90' lang='lat' dir='ltr'><strong>tueri.</strong></span> 
     </span>
    </p>

    <p class='ocr_par' dir='ltr' id='par_1_5' title="bbox 327 2340 1174 2615">
     <span class='ocr_line' id='line_1_20' title="bbox 330 2340 1174 2426; baseline -0.006 -20"><span class='ocrx_word' id='word_1_121' title='bbox 330 2346 408 2415; x_wconf 78' lang='lat' dir='ltr'><strong>Quis</strong></span> <span class='ocrx_word' id='word_1_122' title='bbox 421 2366 519 2426; x_wconf 91' lang='lat' dir='ltr'><strong>genus</strong></span> <span class='ocrx_word' id='word_1_123' title='bbox 533 2344 715 2417; x_wconf 83' lang='lat' dir='ltr'><strong>AEneadum,</strong></span> <span class='ocrx_word' id='word_1_124' title='bbox 732 2344 800 2421; x_wconf 88' lang='lat' dir='ltr'><strong>quis</strong></span> <span class='ocrx_word' id='word_1_125' title='bbox 813 2342 915 2421; x_wconf 80' lang='lat' dir='ltr'><strong>Trojae</strong></span> <span class='ocrx_word' id='word_1_126' title='bbox 929 2340 1045 2401; x_wconf 87' lang='lat' dir='ltr'><strong>nesciat</strong></span> <span class='ocrx_word' id='word_1_127' title='bbox 1060 2342 1174 2413; x_wconf 84' lang='lat' dir='ltr'><strong>urbem,</strong></span> 
     </span>
     <span class='ocr_line' id='line_1_21' title="bbox 327 2436 1125 2519; baseline -0.008 -21"><span class='ocrx_word' id='word_1_128' title='bbox 327 2440 535 2519; x_wconf 74' lang='lat' dir='ltr'><strong>virtutesque,</strong></span> <span class='ocrx_word' id='word_1_129' title='bbox 550 2440 704 2518; x_wconf 74' lang='lat' dir='ltr'><strong>suosque,</strong></span> <span class='ocrx_word' id='word_1_130' title='bbox 720 2448 772 2497; x_wconf 87' lang='lat' dir='ltr'><strong>aut</strong></span> <span class='ocrx_word' id='word_1_131' title='bbox 784 2438 860 2497; x_wconf 89' lang='lat' dir='ltr'><strong>tanti</strong></span> <span class='ocrx_word' id='word_1_132' title='bbox 874 2437 1014 2497; x_wconf 86' lang='lat' dir='ltr'><strong>incendia</strong></span> <span class='ocrx_word' id='word_1_133' title='bbox 1026 2436 1098 2495; x_wconf 84' lang='lat' dir='ltr'><strong>belli</strong></span> <span class='ocrx_word' id='word_1_134' title='bbox 1114 2436 1125 2492; x_wconf 74' lang='grc' dir='ltr'><em>ἓ</em></span> 
     </span>
     <span class='ocr_line' id='line_1_22' title="bbox 328 2530 1040 2615; baseline -0.008 -20"><span class='ocrx_word' id='word_1_135' title='bbox 328 2535 398 2595; x_wconf 91' lang='lat' dir='ltr'><strong>Non</strong></span> <span class='ocrx_word' id='word_1_136' title='bbox 412 2537 520 2595; x_wconf 88' lang='lat' dir='ltr'><strong>obtusa</strong></span> <span class='ocrx_word' id='word_1_137' title='bbox 533 2535 610 2595; x_wconf 82' lang='lat' dir='ltr'><strong>aded</strong></span> <span class='ocrx_word' id='word_1_138' title='bbox 624 2543 778 2615; x_wconf 84' lang='lat' dir='ltr'><strong>gestamus</strong></span> <span class='ocrx_word' id='word_1_139' title='bbox 792 2542 915 2612; x_wconf 85' lang='lat' dir='ltr'><strong>pectora</strong></span> <span class='ocrx_word' id='word_1_140' title='bbox 928 2530 1015 2590; x_wconf 86' lang='lat' dir='ltr'><strong>Poeni</strong></span> <span class='ocrx_word' id='word_1_141' title='bbox 1032 2549 1040 2601; x_wconf 88' lang='lat'>;</span> 
     </span>
    </p>

    <p class='ocr_par' dir='ltr' id='par_1_6' title="bbox 327 2626 1161 2989">
     <span class='ocr_line' id='line_1_23' title="bbox 328 2626 1161 2707; baseline -0.005 -18"><span class='ocrx_word' id='word_1_142' title='bbox 328 2629 396 2689; x_wconf 88' lang='lat' dir='ltr'><strong>Nec</strong></span> <span class='ocrx_word' id='word_1_143' title='bbox 409 2638 471 2688; x_wconf 87' lang='lat' dir='ltr'><strong>tam</strong></span> <span class='ocrx_word' id='word_1_144' title='bbox 486 2649 610 2689; x_wconf 79' lang='lat' dir='ltr'><strong>aversus</strong></span> <span class='ocrx_word' id='word_1_145' title='bbox 625 2650 720 2707; x_wconf 84' lang='lat' dir='ltr'><strong>equos</strong></span> <span class='ocrx_word' id='word_1_146' title='bbox 732 2627 831 2707; x_wconf 76' lang='lat' dir='ltr'><strong>Tyria</strong></span> <span class='ocrx_word' id='word_1_147' title='bbox 848 2626 900 2685; x_wconf 93' lang='lat' dir='ltr'><strong>Sol</strong></span> <span class='ocrx_word' id='word_1_148' title='bbox 911 2626 1011 2705; x_wconf 89' lang='lat' dir='ltr'><strong>jungit</strong></span> <span class='ocrx_word' id='word_1_149' title='bbox 1025 2628 1063 2684; x_wconf 94' lang='lat' dir='ltr'><strong>ab</strong></span> <span class='ocrx_word' id='word_1_150' title='bbox 1078 2627 1161 2685; x_wconf 87' lang='lat' dir='ltr'><strong>urbe.</strong></span> 
     </span>
     <span class='ocr_line' id='line_1_24' title="bbox 329 2722 1122 2803; baseline -0.008 -20"><span class='ocrx_word' id='word_1_151' title='bbox 329 2725 390 2783; x_wconf 85' lang='lat' dir='ltr'><strong>Seu</strong></span> <span class='ocrx_word' id='word_1_152' title='bbox 404 2744 457 2782; x_wconf 89' lang='lat' dir='ltr'><strong>vos</strong></span> <span class='ocrx_word' id='word_1_153' title='bbox 471 2724 654 2801; x_wconf 80' lang='lat' dir='ltr'><strong>Hesperium</strong></span> <span class='ocrx_word' id='word_1_154' title='bbox 667 2742 808 2803; x_wconf 76' lang='lat' dir='ltr'><strong>magnam</strong></span> <span class='ocrx_word' id='word_1_155' title='bbox 824 2722 1025 2797; x_wconf 88' lang='lat' dir='ltr'><strong>Saturniaque</strong></span> <span class='ocrx_word' id='word_1_156' title='bbox 1040 2738 1122 2793; x_wconf 83' lang='lat' dir='ltr'><strong>srva,</strong></span> 
     </span>
     <span class='ocr_line' id='line_1_25' title="bbox 329 2816 1071 2896; baseline -0.005 -19"><span class='ocrx_word' id='word_1_157' title='bbox 329 2818 399 2877; x_wconf 89' lang='lat' dir='ltr'><strong>Sive</strong></span> <span class='ocrx_word' id='word_1_158' title='bbox 411 2818 523 2895; x_wconf 85' lang='lat' dir='ltr'><strong>Erycis</strong></span> <span class='ocrx_word' id='word_1_159' title='bbox 535 2816 612 2875; x_wconf 86' lang='lat' dir='ltr'><strong>lines</strong></span> <span class='ocrx_word' id='word_1_160' title='bbox 626 2837 789 2896; x_wconf 83' lang='lat' dir='ltr'><strong>regemque</strong></span> <span class='ocrx_word' id='word_1_161' title='bbox 804 2816 913 2895; x_wconf 87' lang='lat' dir='ltr'><strong>optatis</strong></span> <span class='ocrx_word' id='word_1_162' title='bbox 926 2816 1071 2887; x_wconf 87' lang='lat' dir='ltr'><strong>Acesten,</strong></span> 
     </span>
     <span class='ocr_line' id='line_1_26' title="bbox 327 2910 1034 2989; baseline -0.004 -19"><span class='ocrx_word' id='word_1_163' title='bbox 327 2912 449 2971; x_wconf 88' lang='lat' dir='ltr'><strong>Auxilio</strong></span> <span class='ocrx_word' id='word_1_164' title='bbox 461 2920 542 2970; x_wconf 87' lang='lat' dir='ltr'><strong>tutos</strong></span> <span class='ocrx_word' id='word_1_165' title='bbox 556 2910 710 2984; x_wconf 87' lang='lat' dir='ltr'><strong>dimittam,</strong></span> <span class='ocrx_word' id='word_1_166' title='bbox 725 2912 894 2989; x_wconf 88' lang='lat' dir='ltr'><strong>opibusque</strong></span> <span class='ocrx_word' id='word_1_167' title='bbox 911 2910 1034 2986; x_wconf 84' lang='lat' dir='ltr'><strong>juvabo.</strong></span> 
     </span>
    </p>

    <p class='ocr_par' dir='ltr' id='par_1_7' title="bbox 326 3002 1184 3555">
     <span class='ocr_line' id='line_1_27' title="bbox 327 3002 1102 3084; baseline -0.004 -21"><span class='ocrx_word' id='word_1_168' title='bbox 327 3005 429 3065; x_wconf 88' lang='lat' dir='ltr'><strong>Vultis</strong></span> <span class='ocrx_word' id='word_1_169' title='bbox 442 3014 472 3064; x_wconf 87' lang='lat' dir='ltr'><strong>et</strong></span> <span class='ocrx_word' id='word_1_170' title='bbox 485 3006 532 3064; x_wconf 89' lang='lat' dir='ltr'><strong>bis</strong></span> <span class='ocrx_word' id='word_1_171' title='bbox 546 3024 663 3065; x_wconf 88' lang='lat' dir='ltr'><strong>mecum</strong></span> <span class='ocrx_word' id='word_1_172' title='bbox 678 3006 791 3084; x_wconf 87' lang='lat' dir='ltr'><strong>pariter</strong></span> <span class='ocrx_word' id='word_1_173' title='bbox 805 3004 961 3065; x_wconf 86' lang='lat' dir='ltr'><strong>considere</strong></span> <span class='ocrx_word' id='word_1_174' title='bbox 976 3002 1102 3083; x_wconf 84' lang='lat' dir='ltr'><strong>regnis?</strong></span> 
     </span>
     <span class='ocr_line' id='line_1_28' title="bbox 327 3098 1184 3178; baseline -0.002 -19"><span class='ocrx_word' id='word_1_175' title='bbox 327 3100 441 3159; x_wconf 89' lang='lat' dir='ltr'><strong>Urbem</strong></span> <span class='ocrx_word' id='word_1_176' title='bbox 456 3118 545 3178; x_wconf 86' lang='lat' dir='ltr'><strong>quam</strong></span> <span class='ocrx_word' id='word_1_177' title='bbox 559 3109 669 3172; x_wconf 84' lang='lat' dir='ltr'><strong>statuo,</strong></span> <span class='ocrx_word' id='word_1_178' title='bbox 685 3108 788 3159; x_wconf 81' lang='lat' dir='ltr'><strong>vestra</strong></span> <span class='ocrx_word' id='word_1_179' title='bbox 802 3107 869 3169; x_wconf 82' lang='lat' dir='ltr'><strong>est3</strong></span> <span class='ocrx_word' id='word_1_180' title='bbox 894 3098 1052 3157; x_wconf 83' lang='lat' dir='ltr'><strong>subducite</strong></span> <span class='ocrx_word' id='word_1_181' title='bbox 1068 3116 1160 3157; x_wconf 84' lang='lat' dir='ltr'><strong>naves</strong></span> <span class='ocrx_word' id='word_1_182' title='bbox 1176 3114 1184 3167; x_wconf 76' lang='lat'><em>3</em></span> 
     </span>
     <span class='ocr_line' id='line_1_29' title="bbox 326 3193 1088 3271; baseline -0.003 -18"><span class='ocrx_word' id='word_1_183' title='bbox 326 3195 406 3254; x_wconf 89' lang='lat' dir='ltr'><strong>Tros</strong></span> <span class='ocrx_word' id='word_1_184' title='bbox 419 3193 591 3271; x_wconf 90' lang='lat' dir='ltr'><strong>Tyriusque</strong></span> <span class='ocrx_word' id='word_1_185' title='bbox 606 3194 678 3252; x_wconf 89' lang='lat' dir='ltr'><strong>mihi</strong></span> <span class='ocrx_word' id='word_1_186' title='bbox 691 3195 772 3252; x_wconf 91' lang='lat' dir='ltr'><strong>nullo</strong></span> <span class='ocrx_word' id='word_1_187' title='bbox 786 3193 957 3252; x_wconf 89' lang='lat' dir='ltr'><strong>discrimine</strong></span> <span class='ocrx_word' id='word_1_188' title='bbox 972 3202 1088 3271; x_wconf 88' lang='lat' dir='ltr'><strong>agetur.</strong></span> 
     </span>
     <span class='ocr_line' id='line_1_30' title="bbox 326 3286 1128 3366; baseline -0.006 -17"><span class='ocrx_word' id='word_1_189' title='bbox 326 3290 428 3366; x_wconf 89' lang='lat' dir='ltr'><strong>Atque</strong></span> <span class='ocrx_word' id='word_1_190' title='bbox 443 3290 555 3347; x_wconf 90' lang='lat' dir='ltr'><strong>utinam</strong></span> <span class='ocrx_word' id='word_1_191' title='bbox 568 3306 623 3346; x_wconf 85' lang='lat' dir='ltr'><strong>rex</strong></span> <span class='ocrx_word' id='word_1_192' title='bbox 637 3288 711 3366; x_wconf 89' lang='lat' dir='ltr'><strong>ipse,</strong></span> <span class='ocrx_word' id='word_1_193' title='bbox 728 3288 810 3347; x_wconf 90' lang='lat' dir='ltr'><strong>Noto</strong></span> <span class='ocrx_word' id='word_1_194' title='bbox 824 3288 997 3365; x_wconf 89' lang='lat' dir='ltr'><strong>compulsus</strong></span> <span class='ocrx_word' id='word_1_195' title='bbox 1012 3286 1128 3358; x_wconf 89' lang='lat' dir='ltr'><strong>eodem,</strong></span> 
     </span>
     <span class='ocr_line' id='line_1_31' title="bbox 326 3382 1064 3461; baseline -0.005 -18"><span class='ocrx_word' id='word_1_196' title='bbox 326 3384 443 3443; x_wconf 83' lang='lat' dir='ltr'><strong>Afforet</strong></span> <span class='ocrx_word' id='word_1_197' title='bbox 455 3382 577 3441; x_wconf 84' lang='lat' dir='ltr'><strong>AEneas</strong></span> <span class='ocrx_word' id='word_1_198' title='bbox 590 3384 598 3441; x_wconf 88' lang='lat' dir='ltr'><strong>l</strong></span> <span class='ocrx_word' id='word_1_199' title='bbox 619 3382 770 3460; x_wconf 84' lang='lat' dir='ltr'><strong>Equidem</strong></span> <span class='ocrx_word' id='word_1_200' title='bbox 783 3402 838 3461; x_wconf 88' lang='lat' dir='ltr'><strong>per</strong></span> <span class='ocrx_word' id='word_1_201' title='bbox 851 3382 951 3441; x_wconf 82' lang='lat' dir='ltr'><strong>littora</strong></span> <span class='ocrx_word' id='word_1_202' title='bbox 965 3388 1064 3439; x_wconf 84' lang='lat' dir='ltr'><strong>ce1t0s</strong></span> 
     </span>
     <span class='ocr_line' id='line_1_32' title="bbox 326 3475 1106 3555; baseline -0.004 -19"><span class='ocrx_word' id='word_1_203' title='bbox 326 3476 493 3549; x_wconf 84' lang='lat' dir='ltr'><strong>Dimittam,</strong></span> <span class='ocrx_word' id='word_1_204' title='bbox 509 3483 539 3535; x_wconf 89' lang='lat' dir='ltr'><strong>et</strong></span> <span class='ocrx_word' id='word_1_205' title='bbox 551 3475 659 3555; x_wconf 76' lang='lat' dir='ltr'><strong>Libyae</strong></span> <span class='ocrx_word' id='word_1_206' title='bbox 673 3478 804 3536; x_wconf 89' lang='lat' dir='ltr'><strong>lustrare</strong></span> <span class='ocrx_word' id='word_1_207' title='bbox 818 3487 952 3535; x_wconf 84' lang='lat' dir='ltr'><strong>extrema</strong></span> <span class='ocrx_word' id='word_1_208' title='bbox 970 3475 1084 3552; x_wconf 85' lang='lat' dir='ltr'><strong>jubebo</strong></span> <span class='ocrx_word' id='word_1_209' title='bbox 1097 3492 1106 3546; x_wconf 81' lang='lat'>3</span> 
     </span>
    </p>

    <p class='ocr_par' dir='ltr' id='par_1_8' title="bbox 327 3570 1018 3649">
     <span class='ocr_line' id='line_1_33' title="bbox 327 3570 1018 3649; baseline -0.003 -18"><span class='ocrx_word' id='word_1_210' title='bbox 327 3571 359 3631; x_wconf 89' lang='lat' dir='ltr'><strong>Si</strong></span> <span class='ocrx_word' id='word_1_211' title='bbox 374 3573 483 3649; x_wconf 91' lang='lat' dir='ltr'><strong>quibus</strong></span> <span class='ocrx_word' id='word_1_212' title='bbox 496 3571 612 3648; x_wconf 76' lang='lat' dir='ltr'><strong>ejectas</strong></span> <span class='ocrx_word' id='word_1_213' title='bbox 626 3570 709 3630; x_wconf 82' lang='lat' dir='ltr'><strong>silvis</strong></span> <span class='ocrx_word' id='word_1_214' title='bbox 724 3580 774 3630; x_wconf 80' lang='lat' dir='ltr'><strong>sut</strong></span> <span class='ocrx_word' id='word_1_215' title='bbox 789 3570 914 3629; x_wconf 90' lang='lat' dir='ltr'><strong>urbibus</strong></span> <span class='ocrx_word' id='word_1_216' title='bbox 928 3577 1018 3629; x_wconf 87' lang='lat' dir='ltr'><strong>errat.</strong></span> 
     </span>
    </p>

    <p class='ocr_par' dir='ltr' id='par_1_9' title="bbox 324 3664 1101 4032">
     <span class='ocr_line' id='line_1_34' title="bbox 365 3664 1101 3738; baseline -0.004 -14"><span class='ocrx_word' id='word_1_217' title='bbox 365 3664 426 3725; x_wconf 90' lang='lat' dir='ltr'><strong>His</strong></span> <span class='ocrx_word' id='word_1_218' title='bbox 440 3665 570 3725; x_wconf 86' lang='lat' dir='ltr'><strong>animum</strong></span> <span class='ocrx_word' id='word_1_219' title='bbox 585 3666 695 3724; x_wconf 88' lang='lat' dir='ltr'><strong>arrecti</strong></span> <span class='ocrx_word' id='word_1_220' title='bbox 709 3666 807 3738; x_wconf 88' lang='lat' dir='ltr'><strong>dictis,</strong></span> <span class='ocrx_word' id='word_1_221' title='bbox 824 3673 854 3725; x_wconf 92' lang='lat' dir='ltr'><strong>et</strong></span> <span class='ocrx_word' id='word_1_222' title='bbox 868 3665 953 3724; x_wconf 89' lang='lat' dir='ltr'><strong>fortis</strong></span> <span class='ocrx_word' id='word_1_223' title='bbox 966 3664 1101 3723; x_wconf 86' lang='lat' dir='ltr'><strong>Achates</strong></span> 
     </span>
     <span class='ocr_line' id='line_1_35' title="bbox 325 3759 1091 3838; baseline 0 -19"><span class='ocrx_word' id='word_1_224' title='bbox 325 3760 367 3819; x_wconf 83' lang='lat' dir='ltr'><strong>Et</strong></span> <span class='ocrx_word' id='word_1_225' title='bbox 379 3769 467 3838; x_wconf 88' lang='lat' dir='ltr'><strong>pater</strong></span> <span class='ocrx_word' id='word_1_226' title='bbox 479 3761 600 3819; x_wconf 82' lang='lat' dir='ltr'><strong>AEness</strong></span> <span class='ocrx_word' id='word_1_227' title='bbox 616 3759 792 3838; x_wconf 87' lang='lat' dir='ltr'><strong>jamdudum</strong></span> <span class='ocrx_word' id='word_1_228' title='bbox 807 3779 966 3838; x_wconf 89' lang='lat' dir='ltr'><strong>erumpere</strong></span> <span class='ocrx_word' id='word_1_229' title='bbox 980 3761 1091 3819; x_wconf 88' lang='lat' dir='ltr'><strong>nubem</strong></span> 
     </span>
     <span class='ocr_line' id='line_1_36' title="bbox 324 3852 1099 3932; baseline -0.001 -19"><span class='ocrx_word' id='word_1_230' title='bbox 324 3855 489 3914; x_wconf 89' lang='lat' dir='ltr'><strong>Ardebant.</strong></span> <span class='ocrx_word' id='word_1_231' title='bbox 531 3854 620 3915; x_wconf 91' lang='lat' dir='ltr'><strong>Prior</strong></span> <span class='ocrx_word' id='word_1_232' title='bbox 634 3852 755 3914; x_wconf 82' lang='lat' dir='ltr'><strong>AEnean</strong></span> <span class='ocrx_word' id='word_1_233' title='bbox 768 3855 927 3932; x_wconf 84' lang='lat' dir='ltr'><strong>compellat</strong></span> <span class='ocrx_word' id='word_1_234' title='bbox 941 3855 1076 3913; x_wconf 89' lang='lat' dir='ltr'><strong>Achates</strong></span> <span class='ocrx_word' id='word_1_235' title='bbox 1090 3872 1099 3912; x_wconf 77' lang='lat' dir='ltr'><strong>t</strong></span> 
     </span>
     <span class='ocr_line' id='line_1_37' title="bbox 325 3952 1081 4032; baseline -0.001 -20"><span class='ocrx_word' id='word_1_236' title='bbox 325 3952 406 4012; x_wconf 88' lang='lat' dir='ltr'><strong>Nate</strong></span> <span class='ocrx_word' id='word_1_237' title='bbox 421 3952 490 4025; x_wconf 77' lang='lat' dir='ltr'><strong>det,</strong></span> <span class='ocrx_word' id='word_1_238' title='bbox 507 3975 574 4032; x_wconf 76' lang='lat' dir='ltr'><strong>quse</strong></span> <span class='ocrx_word' id='word_1_239' title='bbox 587 3974 668 4014; x_wconf 90' lang='lat' dir='ltr'><strong>nunc</strong></span> <span class='ocrx_word' id='word_1_240' title='bbox 683 3954 780 4013; x_wconf 87' lang='lat' dir='ltr'><strong>animo</strong></span> <span class='ocrx_word' id='word_1_241' title='bbox 795 3954 944 4013; x_wconf 89' lang='lat' dir='ltr'><strong>sententia</strong></span> <span class='ocrx_word' id='word_1_242' title='bbox 958 3954 1053 4031; x_wconf 84' lang='lat' dir='ltr'><strong>surgit</strong></span> <span class='ocrx_word' id='word_1_243' title='bbox 1070 3952 1081 4011; x_wconf 78' lang='lat' dir='ltr'><strong>l</strong></span> 
     </span>
    </p>

    <p class='ocr_par' dir='ltr' id='par_1_10' title="bbox 281 4046 1120 4411">
     <span class='ocr_line' id='line_1_38' title="bbox 281 4046 1120 4126; baseline 0.001 -20"><span class='ocrx_word' id='word_1_244' title='bbox 281 4082 284 4088; x_wconf 90' lang='lat'>·</span> <span class='ocrx_word' id='word_1_245' title='bbox 325 4046 436 4106; x_wconf 82' lang='lat' dir='ltr'><strong>Omnia</strong></span> <span class='ocrx_word' id='word_1_246' title='bbox 451 4048 625 4120; x_wconf 73' lang='lat' dir='ltr'><strong>tumaides,</strong></span> <span class='ocrx_word' id='word_1_247' title='bbox 641 4050 781 4121; x_wconf 88' lang='lat' dir='ltr'><strong>classem,</strong></span> <span class='ocrx_word' id='word_1_248' title='bbox 797 4049 957 4126; x_wconf 77' lang='lat' dir='ltr'><strong>sociosque</strong></span> <span class='ocrx_word' id='word_1_249' title='bbox 971 4055 1120 4126; x_wconf 84' lang='lat' dir='ltr'><strong>receptos.</strong></span> 
     </span>
     <span class='ocr_line' id='line_1_39' title="bbox 325 4140 1101 4221; baseline 0.003 -22"><span class='ocrx_word' id='word_1_250' title='bbox 325 4140 412 4199; x_wconf 88' lang='lat' dir='ltr'><strong>Unus</strong></span> <span class='ocrx_word' id='word_1_251' title='bbox 426 4141 521 4214; x_wconf 90' lang='lat' dir='ltr'><strong>abest,</strong></span> <span class='ocrx_word' id='word_1_252' title='bbox 537 4142 634 4201; x_wconf 90' lang='lat' dir='ltr'><strong>medio</strong></span> <span class='ocrx_word' id='word_1_253' title='bbox 648 4142 784 4201; x_wconf 82' lang='lat' dir='ltr'><strong>inductu</strong></span> <span class='ocrx_word' id='word_1_254' title='bbox 800 4162 889 4220; x_wconf 90' lang='lat' dir='ltr'><strong>quem</strong></span> <span class='ocrx_word' id='word_1_255' title='bbox 903 4142 1030 4201; x_wconf 87' lang='lat' dir='ltr'><strong>vidimus</strong></span> <span class='ocrx_word' id='word_1_256' title='bbox 1044 4142 1101 4221; x_wconf 84' lang='lat' dir='ltr'><strong>ipsi</strong></span> 
     </span>
     <span class='ocr_line' id='line_1_40' title="bbox 325 4234 1099 4315; baseline 0.005 -21"><span class='ocrx_word' id='word_1_257' title='bbox 325 4234 540 4294; x_wconf 87' lang='lat' dir='ltr'><strong>Submersum:</strong></span> <span class='ocrx_word' id='word_1_258' title='bbox 563 4235 650 4293; x_wconf 89' lang='lat' dir='ltr'><strong>dictis</strong></span> <span class='ocrx_word' id='word_1_259' title='bbox 663 4237 845 4315; x_wconf 83' lang='lat' dir='ltr'><strong>respondent</strong></span> <span class='ocrx_word' id='word_1_260' title='bbox 859 4246 971 4297; x_wconf 71' lang='lat' dir='ltr'><strong>caetera</strong></span> <span class='ocrx_word' id='word_1_261' title='bbox 986 4236 1099 4298; x_wconf 85' lang='lat' dir='ltr'><strong>matris.</strong></span> 
     </span>
     <span class='ocr_line' id='line_1_41' title="bbox 324 4327 1061 4411; baseline 0.008 -26"><span class='ocrx_word' id='word_1_262' title='bbox 324 4327 386 4389; x_wconf 80' lang='lat' dir='ltr'><strong>Vix</strong></span> <span class='ocrx_word' id='word_1_263' title='bbox 398 4347 437 4388; x_wconf 79' lang='lat' dir='ltr'><strong>es</strong></span> <span class='ocrx_word' id='word_1_264' title='bbox 450 4327 529 4389; x_wconf 81' lang='lat' dir='ltr'><strong>fetus</strong></span> <span class='ocrx_word' id='word_1_265' title='bbox 542 4338 618 4404; x_wconf 88' lang='lat' dir='ltr'><strong>erat,</strong></span> <span class='ocrx_word' id='word_1_266' title='bbox 636 4350 727 4409; x_wconf 90' lang='lat' dir='ltr'><strong>quum</strong></span> <span class='ocrx_word' id='word_1_267' title='bbox 741 4330 925 4392; x_wconf 88' lang='lat' dir='ltr'><strong>circumfusa</strong></span> <span class='ocrx_word' id='word_1_268' title='bbox 937 4331 1061 4411; x_wconf 74' lang='lat' dir='ltr'><strong>repente</strong></span> 
     </span>
    </p>
   </div>
   <div class='ocr_carea' id='block_1_3' title="bbox 0 0 1588 5234">
    <p class='ocr_par' dir='ltr' id='par_1_11' title="bbox 0 0 1588 5234">
     <span class='ocr_line' id='line_1_42' title="bbox 0 0 1588 5234; baseline 0 2"><span class='ocrx_word' id='word_1_269' title='bbox 0 0 1588 5234; x_wconf 95' lang='lat' dir='ltr'><strong> </strong></span> 
     </span>
    </p>
   </div>
  </div>
 </body>
</html>
