3167 5234
566 550 742 599 muninus
761 548 832 597 mn.
848 548 904 597 ιιι.
1171 556 1227 615 1³³

237 690 382 764 olearon,
396 690 574 766 niveamque
586 690 698 761 Paron,
713 706 895 769 sparsasque
909 706 963 766 per
977 706 1080 764 equor

238 784 402 863 Cycladas,
415 793 446 848 et
459 784 574 843 crebris
588 784 715 863 legimus
728 782 806 841 freta
818 783 934 841 consita
946 782 1045 853 terris.

237 880 387 939 Nauticus
401 879 535 939 exoritur
548 879 632 937 vario
646 878 808 939 certamine
823 878 958 947 elamor;

237 974 408 1033 Hortamur
421 973 506 1045 aonii,
523 972 650 1032 Cretam
662 991 850 1051 proavosque
864 980 1010 1049 petamus.

236 1067 434 1144 Prosequitur
446 1086 575 1145 surgons
588 1086 608 1125 a
621 1066 711 1144 puppi
725 1075 831 1125 ventus
845 1073 951 1123 euntes
966 1083 974 1135 ;
1172 1062 1228 1125 1³0

236 1161 277 1222 Et
290 1161 412 1220 tandem
425 1160 555 1237 antiquis
569 1159 716 1219 Curetum
730 1159 887 1217 allabimur
900 1158 970 1217 oria.

236 1254 321 1333 Ergo
335 1254 441 1313 avidus
453 1273 555 1313 muros
568 1262 677 1333 optata
691 1254 797 1312 molior
816 1253 908 1324 urbis,

237 1347 496 1426 Pergameamque
511 1366 586 1406 vooo
600 1365 608 1415 ;
632 1355 663 1404 et
676 1347 775 1405 letam
788 1346 965 1423 cognomine
979 1352 1100 1423 gentem

237 1440 353 1501 Hortor
366 1458 469 1499 amare
483 1440 577 1512 saeos,
593 1458 755 1516 arcemque
769 1440 906 1498 attollere
920 1439 1018 1499 tectis.

236 1533 365 1611 Jamque
379 1532 442 1593 sere
457 1532 540 1593 sicco
553 1533 709 1592 subducte
723 1533 821 1591 littore
836 1552 969 1610 puppes3
1173 1530 1228 1589 186

239 1626 404 1688 connubiis
418 1627 559 1705 arvisque
572 1627 657 1685 novis
670 1637 796 1704 operata
811 1626 953 1702 juventus
967 1644 975 1695 3
1043 1652 1046 1661 ·
1121 1698 1124 1705 Ι

236 1721 315 1781 Jura
325 1720 488 1799 domosque
502 1720 610 1780 dabam
623 1740 632 1789 ;
656 1718 754 1779 subito
769 1738 860 1796 quum
874 1718 975 1777 tabida
987 1716 1139 1790 membris,

238 1814 390 1892 Corrupto
404 1814 595 1885 contractu,
611 1812 841 1888 miserandaque
855 1812 936 1871 venit

236 1908 464 1985 Arboribusque
478 1906 611 1985 satisque
625 1907 701 1978 lues,
716 1914 747 1965 et
760 1905 859 1965 letifer
874 1925 979 1965 annus.

236 2000 429 2079 linquebant
442 2001 547 2060 dulces
560 2001 686 2072 animas,
702 2012 754 2059 aut
767 2019 852 2078 aegra
864 2000 1023 2059 trahebant
1173 1998 1228 2057 140

237 2094 394 2174 Corpora:
416 2102 480 2153 tum
492 2095 611 2153 steriles
625 2112 753 2153 exurere
767 2093 863 2152 Sirius
883 2112 973 2171 agros
987 2111 995 2149 ι

235 2189 373 2247 Arebant
387 2188 499 2260 herbae,
516 2195 546 2245 et
560 2188 671 2246 vietum
684 2205 774 2263 seges
788 2206 873 2264 agra
885 2187 1027 2265 negabat.

236 2280 358 2340 Rursus
371 2281 410 2339 atl
423 2282 558 2341 oraclum
571 2280 707 2358 Ortygiae
718 2279 927 2357 Phoebumque
942 2298 1079 2339 remenso

237 2372 387 2433 Hortatur
401 2382 487 2452 pater
500 2373 546 2431 ire
559 2372 645 2445 mari,
661 2372 839 2450 veniamque
854 2372 972 2449 precari
987 2390 993 2429 :

238 2468 337 2537 Quam
351 2469 439 2528 fessis
453 2468 542 2527 finem
555 2470 647 2526 rebus
660 2467 737 2526 serat
750 2485 758 2537 ;
782 2466 862 2525 unde
876 2468 1012 2527 laborum
1174 2466 1228 2525 tto

236 2562 370 2622 Tentare
384 2562 527 2621 auxilium
542 2562 671 2639 jubeat;
696 2560 755 2637 quo
770 2569 890 2619 uertere
905 2580 1021 2620 cursus.
1073 2632 1078 2642 ι
1160 2600 1203 2647 ᾗ(

277 2656 346 2715 Nox
359 2663 435 2727 erat,
450 2663 481 2714 et
494 2655 584 2713 terris
597 2655 738 2713 animalia
751 2674 872 2713 somnus
887 2654 1026 2715 habebat.
1201 2657 1207 2669 '

236 2750 364 2829 Effigies
378 2770 475 2813 sacrat
489 2749 588 2809 divum
601 2751 786 2827 Phrygiique
800 2749 943 2822 Penates,

238 2844 324 2913 Quos
337 2863 455 2903 mecum
469 2864 488 2902 a
501 2843 596 2921 Trojia
611 2844 775 2921 mediisque
788 2862 826 2901 er
840 2844 960 2921 ignibus
974 2843 1057 2903 urbis

238 2940 425 3012 letuleram,
441 2940 496 2999 risi
510 2948 578 2998 ante
592 2939 696 2998 oeulos
710 2939 830 2997 adstare
847 2938 977 3015 jacentis
1094 2931 1099 2943 ’

238 3032 397 3106 Insomuis,
412 3035 505 3093 multo
518 3035 667 3093 manifesti
677 3034 799 3106 lumine,
816 3034 878 3111 quis
890 3054 924 3093 se

236 3128 334 3187 Plena
346 3148 401 3206 per
415 3129 544 3187 insertas
557 3129 699 3188 fundebat
713 3130 784 3187 luna
799 3129 956 3191 fenestras.

236 3222 315 3281 Tum
330 3222 376 3280 sio
390 3222 486 3293 affari,
503 3231 533 3281 et
546 3242 637 3281 ouras
650 3223 697 3281 his
711 3222 831 3281 demere
846 3222 932 3281 dietis
946 3242 953 3281 :

237 3314 329 3383 Quod
343 3315 397 3373 tibi
410 3315 509 3375 delato
522 3316 681 3394 Ortygiam
694 3315 828 3374 dicturus
843 3317 950 3393 Apollo
963 3325 1019 3389 est,

236 3406 302 3469 Hie
316 3408 397 3466 canit
410 3428 419 3478 ;
443 3416 473 3467 et
486 3417 539 3467 tua
551 3428 606 3467 nos
619 3428 658 3467 en
672 3408 751 3467 ultro
764 3408 803 3467 ad
817 3409 918 3469 limina
931 3410 1027 3471 mittit.

236 3500 304 3560 Nos
316 3509 359 3575 te,
372 3500 532 3563 Dardanii
544 3500 680 3573 incensi,
695 3509 809 3579 tuaque
823 3520 907 3561 arma
920 3503 1016 3563 seouti
1031 3522 1039 3574 3

235 3594 268 3654 N
270 3614 304 3653 os
317 3594 461 3653 tumidum
474 3597 530 3653 sub
542 3604 573 3653 te
588 3595 738 3672 permensi
750 3595 899 3655 elassibus
913 3614 1037 3673 equom

237 3685 324 3746 Idem
337 3696 477 3747 venturos
490 3690 629 3748 tollemus
642 3689 672 3747 in
686 3697 769 3747 astra
781 3698 915 3765 nepotes,

236 3779 460 3859 Imperiumque
475 3782 541 3843 urbi
554 3782 700 3841 dabimus.
741 3782 791 3841 Tu
806 3783 916 3841 ruoenia
929 3783 1047 3861 magnis

235 3872 354 3951 Magna
367 3893 450 3951 para,
466 3875 648 3954 longumque
661 3875 741 3953 luga
754 3893 793 3933 ne
808 3874 908 3951 linque
923 3875 1065 3935 laborem.

235 3964 395 4025 Mutandae
409 3966 496 4026 sedes
509 3987 518 4038 ;
541 3988 601 4027 non
614 3968 681 4026 heo
693 3967 748 4026 tibi
760 3966 861 4025 littora
879 3966 972 4025 suasit

234 4056 357 4131 Delius,
373 4068 424 4118 aut
439 4059 541 4141 Creta
559 4059 648 4137 jussit
661 4058 829 4131 considere,
847 4057 968 4137 Apollo.

234 4148 296 4214 Eat
309 4150 404 4223 locus,
420 4151 603 4231 Hesperiam
617 4152 704 4212 Graii
717 4152 894 4230 cognomine
909 4153 1022 4227 dieunt,

233 4241 337 4305 Terra
351 4246 485 4321 antiqua,
502 4253 607 4325 potens
621 4246 712 4305 armis
726 4254 817 4323 atque
832 4248 924 4307 ubere
939 4248 1035 4327 glebas
1049 4268 1058 4320 ;
1130 4275 1134 4291 „

234 4334 364 4402 OEnotri
376 4336 499 4401 coluere
513 4339 590 4401 virit
611 4359 690 4401 nune
703 4340 792 4415 sama,
808 4339 938 4401 minores

518 4435 555 4491 12
612 4454 616 4472 ·
