3167 5234
593 556 770 606 AENEIDOS
790 558 860 606 LIB.
875 558 912 607 11.
1193 566 1247 623 127

263 698 333 759 Jem
346 697 411 775 jem
424 697 508 756 nulle
521 716 605 756 more
618 704 687 755 est:
709 716 830 773 sequor,
846 704 885 769 et,
903 694 964 774 quit
977 696 1095 770 ducitis,
1111 696 1225 759 adsum.

263 792 306 851 Di
324 792 421 870 petrii,
437 799 556 850 serrete
569 791 697 862 domum,
713 800 832 850 servete
850 799 988 868 nepotem
1004 794 1011 849 !

232 932 235 938 .
262 884 405 944 Vestrum
418 886 475 943 boc
489 886 658 963 augurium,
673 892 833 961 vestroque
848 885 878 943 in
891 885 1011 943 numine
1024 885 1119 963 Tr0je
1130 892 1186 945 eet.

229 1025 232 1036 .
262 978 349 1039 Cedo
368 979 507 1055 equidem
522 997 531 1048 3
553 996 621 1049 nec,
637 986 717 1049 nete,
731 978 785 1035 tibi
800 996 900 1036 comes
913 978 958 1035 ire
971 997 1088 1038 recuso.

231 1047 286 1071 μ’
299 1070 428 1130 Dixeret
441 1071 491 1129 iiie
505 1090 513 1139 3
537 1079 568 1127 et
583 1071 647 1146 jem
660 1090 714 1149 per
726 1072 838 1129 moenie
853 1072 964 1129 cierior
977 1072 1055 1150 ignis
1189 1074 1247 1129 705

261 1164 401 1236 Auditur,
418 1163 597 1241 propiitsque
611 1172 703 1222 metue
715 1164 855 1222 incendie
867 1165 996 1224 volvunt.

261 1258 346 1336 Ergo
359 1276 427 1335 ege,
442 1276 515 1315 cere
528 1268 624 1335 peter,
641 1257 753 1315 cervici
766 1257 918 1334 imponere
932 1268 1041 1319 nostre
1057 1278 1066 1330 3

262 1350 330 1429 lpse
344 1352 451 1409 subibo
465 1352 606 1421 humeris,
620 1370 677 1409 nec
690 1370 737 1408 me
751 1350 836 1409 leber
850 1352 912 1410 iste
920 1353 1058 1430 gravabit
1072 1372 1080 1410 ε

262 1444 332 1511 Que
345 1464 395 1503 res
409 1462 537 1520 cumque
550 1444 668 1515 cedent,
683 1464 774 1503 unum
788 1451 818 1502 et
832 1462 987 1503 commune
1002 1445 1155 1524 periclum,

261 1536 422 1596 Uneeelus
436 1538 659 1597 embobuserit.
693 1538 769 1595 Mihi
783 1557 891 1614 pervus
906 1538 990 1597 Iulus
1187 1542 1246 1597 710

262 1632 306 1689 Sit
318 1650 419 1689 comes
431 1650 439 1701 3
463 1640 494 1689 et
511 1630 600 1708 longe
615 1638 714 1690 servet
728 1632 855 1708 vestigia
868 1632 986 1706 conjux.

260 1723 334 1797 Vos,
350 1724 464 1795 femuli,
481 1743 548 1802 quae
562 1724 659 1782 dicem
673 1724 778 1782 enimis
792 1722 938 1783 advertite
952 1724 1068 1785 vestris.

260 1816 316 1876 Est
334 1820 408 1876 urbe
423 1817 555 1896 egressis
567 1816 709 1889 tumulus,
724 1817 925 1895 templumque
940 1826 1088 1877 vetustum

259 1910 398 1971 Desertee
413 1910 549 1982 Cereris,
564 1909 708 1985 juxtique
722 1911 844 1986 entique
858 1929 1019 1989 cupressus

258 2004 419 2082 Religione
432 2015 550 2081 petrum
563 2004 671 2061 multos
684 2011 803 2061 servate
815 2022 869 2081 per
882 2023 976 2063 ennon
989 2023 997 2061 :
1184 2008 1242 2065 715

259 2097 350 2157 Hanc
364 2118 402 2156 ex
415 2098 533 2156 diverso
547 2097 648 2155 sedem
657 2093 814 2155 ¹veniemus
828 2097 858 2155 in
872 2117 970 2158 unem.

260 2191 317 2263 Tu,
333 2190 460 2269 genitor,
476 2209 552 2267 cepe
565 2208 655 2248 secrn
668 2195 768 2262 menu,
784 2192 955 2268 patriosque
969 2192 1100 2254 Penates
1114 2212 1122 2251 ι

258 2284 319 2358 Me,
336 2286 415 2344 betlo
429 2304 447 2342 e
459 2292 541 2343 tento
555 2283 721 2361 digressum
734 2295 766 2342 et
783 2284 866 2343 cede
880 2286 1004 2359 recenti,

258 2382 429 2439 Attrectere
442 2378 538 2449 netes,
554 2376 650 2435 donec
663 2394 711 2435 me
725 2376 845 2435 flumine
860 2378 927 2437 vivo

257 2474 400 2533 Abiuero.

258 2564 336 2625 Hoec
350 2566 439 2637 setus,
455 2566 532 2624 letos
545 2565 686 2623 humeros
698 2566 894 2643 subjecteque
909 2566 985 2625 colle

257 2658 351 2717 Veste
365 2659 456 2737 super
469 2658 600 2734 fulvique
614 2658 762 2717 insternor
776 2659 853 2738 pelle
868 2658 973 2731 leonis,

258 2753 453 2829 Suocedoque
467 2753 560 2813 oneri.
601 2754 726 2812 Dentre
743 2772 777 2811 se
792 2771 901 2829 pervus
915 2753 997 2811 Iulus

257 2844 414 2923 Implicuit,
430 2846 625 2924 sequiturque
639 2858 753 2925 petrem
767 2866 826 2904 non
840 2846 977 2923 passibus
991 2844 1085 2923 equis
1099 2864 1109 2916 3

256 2938 338 2997 Pone
353 2938 432 2997 subit
447 2940 565 3015 conjux.
606 2939 745 2997 Ferimur
759 2958 812 3015 per
826 2958 922 3016 opace
935 2938 1089 2998 iocorumt
1182 2940 1240 2997 725

256 3032 297 3091 Et
315 3051 373 3103 me,
390 3050 478 3110 quem
491 3033 601 3091 dudum
615 3052 673 3091 non
688 3033 748 3091 ulte
762 3033 874 3108 injecta
887 3035 1043 3092 movebant

256 3124 342 3196 Tele,
358 3144 458 3201 neque
472 3126 599 3185 adverso
611 3126 767 3204 glomerati
779 3145 816 3185 ex
831 3126 948 3203 egmine
963 3126 1060 3198 Greii,

256 3216 347 3277 Nunc
361 3238 465 3277 omnes
477 3226 591 3277 terrent
608 3238 700 3291 eurae,
716 3238 808 3277 sonus
822 3218 932 3277 excitet
948 3220 1043 3277 omnis

256 3313 450 3389 Suspensum,
466 3320 496 3371 et
510 3314 622 3390 periter
635 3312 795 3390 comitique
809 3313 951 3389 onerique
965 3314 1125 3374 timentem.

291 3404 422 3482 ,lemque
438 3406 672 3484 propinquabam
687 3406 788 3483 portis,
805 3424 980 3481 omnemque
995 3404 1118 3465 videbar
1180 3408 1239 3464 730

229 3560 233 3576 Ι
253 3497 397 3557 Evesisse
412 3500 508 3557 vicem
521 3518 528 3568 3
553 3498 650 3557 subitb
666 3517 757 3575 quum
769 3500 877 3556 creber
891 3498 928 3556 ed
942 3517 1032 3557 eures

254 3589 347 3649 Visus
361 3592 468 3649 edesse
483 3592 590 3669 pedum
607 3593 721 3650 sonitus
735 3612 743 3661 3
766 3592 943 3669 genitorque
958 3612 1011 3669 per
1024 3593 1159 3653 umbrem

253 3683 465 3762 Prospiciens:
487 3686 578 3756 Nete,
595 3686 754 3756 exclamet,
769 3685 852 3762 suge,
869 3693 937 3742 nete
953 3704 961 3754 3
984 3684 1202 3763 propinquent:

252 3777 404 3835 Ardentes
416 3777 539 3857 clypeos
552 3787 642 3856 etque
656 3797 719 3837 ere
732 3778 873 3837 micentie
886 3796 986 3837 cerno.

252 3868 317 3928 Hic
337 3870 408 3930 mihi
421 3872 524 3930 nescio
539 3872 616 3948 quod
629 3871 745 3949 trepido
758 3871 835 3929 mele
850 3890 957 3929 numen
972 3870 1099 3930 amicum
1179 3876 1237 3931 735

254 3960 418 4022 Consusem
432 3964 540 4042 eripuit
553 3978 691 4023 mentem.
733 3964 762 4023 N
765 3982 882 4039 emque,
899 3963 966 4021 evie
980 3983 1071 4023 cursu

251 4054 335 4113 Dum
347 4076 468 4133 sequor,
484 4066 514 4115 et
527 4058 598 4117 noti
610 4057 724 4115 excedo
737 4057 860 4134 regione
875 4056 999 4127 vierum,

250 4147 326 4207 Heu
338 4152 346 4206 !
368 4150 478 4209 misero
490 4152 599 4227 conjux
613 4151 713 4209 fetone
726 4162 831 4227 erepte
844 4149 961 4209 Crebee

251 4242 398 4314 Substitit,
414 4246 565 4303 errevitne
578 4244 637 4315 viis,
654 4264 708 4302 eeu
722 4244 803 4302 lesse
817 4244 937 4316 resedit,

251 4334 404 4395 Incertum
421 4357 429 4407 3
451 4358 509 4399 nec
522 4336 589 4417 pbst
602 4338 698 4399 oculis
711 4347 757 4397 est
770 4338 886 4399 reddite
900 4340 1017 4399 nostris.
1178 4343 1236 4399 740
