3167 5234
552 537 727 589 AENatnos
746 539 816 588 LIB.
831 540 877 592 W.

221 676 255 736 Si
266 682 296 735 te
309 675 393 735 nullu
405 684 505 735 movet
516 683 668 737 tenturum
679 678 776 757 gloria
789 698 899 751 rerum,

222 770 289 830 Nec
302 790 394 848 super
406 770 471 849 ipse
484 769 539 830 tud
550 772 663 831 moliris
676 772 764 832 laude
778 773 910 831 laborem
923 791 933 843 ;

223 863 389 924 Ascanium
401 874 574 943 surgentem
588 874 618 925 et
631 884 700 943 spes
713 866 842 927 heredis
856 865 915 925 Iuli

222 955 365 1034 Respice,
381 956 433 1015 cui
444 976 570 1035 regnum
584 957 680 1017 ltalim
693 958 890 1037 Romanaque
902 958 992 1029 tellus
1148 958 1208 1023 fild

223 1049 390 1109 Debentur.
430 1049 501 1109 Tuli
515 1030 673 1127 C'yllenius
686 1071 738 1111 ore
751 1052 870 1113 locutus

223 1143 369 1203 Mortales
381 1145 463 1204 visus
475 1144 573 1203 medio
586 1165 723 1205 sermone
735 1146 865 1224 reliquit,

224 1238 264 1297 Et
277 1238 382 1316 procul
396 1239 425 1297 in
438 1246 560 1299 tenuem
572 1258 611 1297 ex
624 1239 720 1298 oculis
732 1240 852 1299 evanuit
867 1258 982 1299 auram.

262 1332 303 1391 At
318 1331 389 1391 vero
402 1332 524 1391 AEnees
537 1332 681 1410 adspectu
695 1334 839 1393 obmutuit
853 1352 955 1393 amens
971 1352 979 1403 ς

224 1426 421 1504 Amctaeque
434 1426 558 1485 horrore
571 1446 676 1499 comae,
692 1435 722 1485 et
735 1448 793 1487 vox
807 1428 942 1489 saucibus
955 1426 1050 1491 hesit.
1149 1428 1210 1487 tto

225 1519 319 1578 Ardet
333 1520 416 1578 abire
430 1518 513 1598 lugd,
529 1519 693 1597 dulcesque
706 1521 876 1597 relinquere
889 1529 998 1593 terras,

225 1613 376 1671 Attonitus
389 1621 473 1672 tento
486 1614 597 1673 monitu
611 1612 794 1690 imperioque
807 1613 939 1675 deorum.

225 1704 318 1765 Heu!
340 1705 411 1784 quid
424 1714 495 1784 egat
509 1705 520 1762 ?
542 1726 601 1783 quo
613 1724 694 1765 nunc
707 1707 843 1784 reginam
856 1707 970 1767 ambire
984 1706 1131 1769 furentem

225 1798 343 1858 Audeat
357 1798 449 1859 affetu
464 1799 475 1855 i
497 1819 563 1877 qum
577 1800 672 1878 prima
683 1790 806 1881 exordia
818 1800 941 1859 sumat?

225 1891 325 1969 Atque
339 1893 469 1953 unimam
481 1913 561 1953 nunc
574 1894 634 1953 huc
648 1894 789 1966 celerem,
804 1913 884 1953 nunc
897 1893 1001 1956 dividit
1013 1892 1095 1965 illuc,
1151 1895 1209 1957 285

225 1985 260 2045 In
274 1995 435 2065 partesque
448 1989 525 2067 rapit
538 1989 649 2060 verius,
666 2008 778 2067 perque
792 1987 892 2048 omnic
906 1996 1015 2051 versat.

225 2078 304 2139 Herc
317 2082 477 2142 alternanti
490 2082 586 2159 potior
599 2082 747 2143 sententia
761 2081 826 2141 vise
838 2088 894 2141 est.

225 2172 395 2247 Mnestheo,
411 2176 642 2255 Sergestumque
657 2184 755 2247 vocat,
770 2176 935 2253 fortemque
951 2173 1132 2236 Cloanthum
1145 2192 1153 2244 3

226 2264 365 2327 Classem
378 2277 479 2346 aptent
492 2268 586 2341 teciti,
602 2268 701 2327 socios
715 2268 753 2327 ad
766 2269 866 2328 littora
880 2274 999 2346 cogent,

224 2360 318 2422 Arme
330 2369 445 2438 parent,
461 2370 491 2419 et
505 2382 572 2439 quie
586 2361 624 2421 sit
637 2364 729 2421 rebus
742 2380 837 2420 causa
850 2360 993 2421 novandis
1150 2361 1212 2423 9290

224 2451 441 2513 Dissimulent:
462 2474 530 2513 sese
543 2455 669 2527 interea,
686 2454 805 2531 quando
819 2454 929 2531 optime
942 2452 1021 2515 Dido

224 2546 361 2619 Nesciat,
376 2556 407 2605 et
418 2556 516 2607 tantos
529 2550 626 2626 rumpi
638 2569 698 2608 uou
711 2557 812 2627 speret
821 2548 952 2620 'amores

225 2638 422 2701 Tentaturum
436 2642 544 2713 aditus,
559 2650 590 2701 et
606 2662 673 2719 que
687 2642 858 2701 mollissima
872 2641 953 2701 fandi

226 2731 386 2811 Tempora,
403 2734 469 2812 quis
482 2737 574 2795 rebus
587 2735 692 2795 dexter
705 2734 818 2795 modus.
860 2734 954 2795 Ociiu
968 2752 1071 2795 omnes

226 2825 355 2906 Imperio
369 2829 430 2888 lecti
443 2838 560 2907 pereat,
576 2848 614 2887 ao
629 2829 717 2907 jussa
729 2829 892 2889 facessunt.

263 2928 304 2983 At
318 2926 424 3003 regius
437 2926 521 2985 dolos
534 2926 616 3003 (quis
630 2925 734 2985 sollers
747 2924 840 3004 possit
854 2934 1003 2985 amantem
1015 2924 1038 3005 l)

226 3016 399 3091 Praesensit‚
414 3027 571 3096 motusque
584 3018 701 3096 excepit
714 3020 809 3096 prima
822 3019 947 3092 laturos,

226 3110 335 3171 Omnia
346 3120 412 3171 tute
423 3113 540 3172 timens.
582 3112 697 3171 Eadem
711 3112 801 3190 impia
812 3112 908 3171 Fama
921 3112 1031 3173 furenti

226 3204 342 3264 Detulit
356 3207 466 3265 armari
481 3206 618 3277 classem,
635 3225 815 3282 cursumque
829 3206 937 3283 parari.

227 3299 317 3359 Stetit
331 3300 417 3378 inops
431 3299 532 3371 enimi,
548 3307 700 3375 totumque
714 3300 838 3359 incensa
851 3319 905 3377 per
919 3300 1024 3359 urbem

226 3390 417 3451 Bacchatur:
441 3393 536 3469 quelis
550 3395 704 3453 commotis
717 3394 816 3453 excita
830 3393 925 3451 sacris

226 3484 352 3562 Thyias,
369 3486 419 3546 ubi
432 3488 534 3546 audito
547 3488 698 3547 stimulent
711 3488 864 3547 trieterica
877 3486 1000 3545 Baccho

226 3578 332 3658 Orgia,
348 3589 572 3657 nocturnusque
586 3590 674 3641 vocet
687 3582 818 3641 clamore
833 3580 1004 3641 Cithaeron:

226 3672 365 3731 Tandem
376 3674 424 3733 his
436 3676 561 3735 AEnaen
574 3676 733 3752 compellat
747 3675 871 3734 vocibus
884 3674 981 3732 ultro:

264 3765 465 3827 Dissimulare
479 3769 570 3829 etiam
582 3768 721 3846 reperisti,
739 3768 862 3845 perfide,
877 3775 991 3827 tantum

227 3858 322 3919 Posse
335 3860 432 3933 nefas,
445 3863 615 3939 tacitusque
629 3861 697 3921 med
710 3861 858 3921 decedere
871 3859 956 3920 terrai
969 3860 979 3917 l

227 3952 338 4012 Necte
352 3962 559 4027 contemnor,
575 3963 674 4015 necte
688 3955 759 4014 dete
772 3954 897 4013 dextera
911 3952 1069 4032 quondam,

227 4043 296 4104 Nec
309 4049 453 4109 moriture
466 4056 549 4110 tenet
563 4048 678 4107 crudeli
691 4047 795 4106 sunere
809 4046 890 4105 Dido
904 4046 915 4104 l

228 4137 310 4206 Quin
323 4141 414 4199 etiam
427 4141 552 4201 hiberno
566 4142 679 4203 moliris
692 4140 791 4199 sidere
805 4140 945 4215 classem,

226 4231 266 4293 nt
279 4232 387 4297 mediis
400 4254 545 4313 properes
556 4234 757 4311 Aquilonibus
769 4234 815 4293 ire
829 4252 882 4312 per
896 4236 997 4306 altum,

228 4323 371 4385 Crudelis
385 4326 396 4385 l
437 4326 544 4396 Quid?
566 4330 592 4388 si
604 4348 664 4389 uon
678 4346 751 4389 arva
763 4328 863 4388 aliena
877 4328 1039 4406 domosque
