3167 5234
364 565 404 623 γρ
646 559 673 607 r.
697 557 866 606 vinorum
890 558 1063 607 aaronis

365 698 523 779 Improbus
536 697 699 778 ingluviem
713 699 856 777 ranisque
869 699 1047 777 loquacibus
1060 699 1169 777 explet.

365 793 530 872 Postquam
544 799 649 854 exusta
670 793 765 870 palus,
781 801 932 870 terraeque
945 792 1053 888 ardore
1067 794 1234 870 dehiscunt,

365 887 475 962 Exsilit
493 888 523 946 in
537 887 661 958 siccum,
679 895 719 959 st,
734 887 917 945 flammantia
930 887 1042 946 lumina
1053 895 1208 966 torquens,

366 981 457 1041 Saevit
472 981 564 1061 agris,
581 999 729 1059 asperque
743 980 791 1038 siti
806 988 896 1057 atque
910 981 1071 1040 exterritus
1085 992 1170 1043 aestu.

366 1075 415 1136 Ne
429 1076 502 1134 mihi
514 1084 577 1134 tum
590 1075 695 1134 molles
709 1075 764 1133 sub
779 1074 847 1133 divo
861 1094 988 1153 carpere
1002 1095 1132 1149 somnos,
1298 1082 1358 1138 435

366 1170 436 1231 Neu
451 1171 539 1230 dorso
552 1169 682 1229 nemoris
696 1169 787 1227 libeat
805 1169 938 1245 jacuisse
953 1189 1007 1247 per
1019 1170 1129 1230 herbas
1143 1175 1151 1230 !

367 1263 481 1336 Quum,
497 1263 600 1342 positis
613 1283 709 1322 novus
723 1263 839 1321 exuviis
852 1263 1022 1340 nitidusque
1038 1265 1173 1340 juventi,

365 1359 516 1432 Volvitur,
533 1352 584 1418 aut
597 1359 714 1418 catulos
731 1358 820 1416 tactis
834 1369 886 1416 aut
900 1376 957 1416 ova
974 1359 1158 1436 relinquens,

367 1451 492 1513 Arduus
506 1453 544 1512 ad
558 1453 651 1512 solem
665 1459 695 1510 et
709 1452 820 1530 linguis
833 1452 923 1510 micat
936 1471 990 1510 ore
1003 1453 1145 1513 trisulcis.
1220 1466 1225 1474 '

406 1547 581 1606 Morborum
597 1565 716 1624 quoque
729 1554 759 1605 te
774 1564 885 1604 causas
898 1554 929 1604 et
942 1547 1029 1625 signa
1043 1547 1167 1608 docebo.
1301 1552 1360 1608 440

367 1639 480 1720 Turpis
494 1659 566 1700 ores
580 1647 674 1699 tentat
689 1639 819 1712 scabies,
835 1639 887 1698 ubi
900 1640 1027 1718 frigidus
1040 1643 1136 1701 imber
1405 1642 1408 1647 ’

368 1735 469 1798 Attius
484 1735 523 1794 ad
537 1734 635 1794 vivum
649 1733 791 1813 persedit,
808 1741 838 1793 et
851 1734 974 1794 horrida
987 1752 1063 1794 cano

367 1829 482 1890 Bruma
495 1829 566 1909 gelu
580 1848 587 1900 3
612 1831 659 1889 vel
674 1847 764 1907 quum
777 1831 872 1889 tonsis
886 1829 986 1888 illotus
1001 1829 1124 1888 adhaesit

369 1924 476 1997 Sudor,
493 1932 523 1983 st
536 1924 644 1984 hirsuti
660 1933 823 1984 secuerunt
836 1944 964 2001 corpora
977 1942 1095 2002 vepres.

367 2016 518 2078 Dulcibus
532 2017 644 2077 idcirco
657 2017 755 2078 fluviis
774 2037 868 2096 pecus
881 2036 968 2077 omne
982 2018 1118 2096 magistri
1303 2021 1362 2079 445

370 2109 568 2184 Perfundunt,
584 2111 710 2191 udisque
725 2111 806 2172 aries
819 2113 851 2170 in
864 2113 984 2192 gurgite
998 2112 1076 2171 villis

369 2205 534 2278 Mereatur,
549 2206 718 2284 missusque
733 2193 867 2267 secundo
880 2205 983 2265 defluit
997 2206 1077 2266 amni
1091 2225 1099 2264 ε

369 2301 433 2360 Aut
447 2309 566 2360 tonsum
578 2301 656 2361 tristi
673 2301 850 2381 contingunt
864 2321 974 2378 corpus
989 2297 1122 2373 amurcd,

369 2393 412 2454 Et
426 2415 547 2473 spumas
560 2395 687 2456 miscent
700 2395 828 2474 argenti,
842 2396 970 2472 vivaque
984 2395 1109 2468 sulfura,

370 2488 529 2568 Idaeasque
543 2491 636 2569 pices,
653 2499 682 2550 et
697 2491 825 2570 pingues
839 2491 971 2568 unguine
986 2508 1084 2561 ceras,
1304 2492 1363 2548 450

372 2583 563 2661 scillamque,
578 2584 809 2660 helleborosque
823 2603 943 2664 graves,
959 2584 1138 2664 nigrumque
1151 2583 1293 2643 bitumen.
1410 2645 1417 2661 ,

370 2674 401 2735 Ν
403 2695 441 2734 on
454 2685 554 2736 tamen
568 2677 629 2736 ulla
644 2677 740 2756 magis
755 2697 890 2756 praesens
903 2678 1023 2736 fortuna
1034 2677 1172 2736 laborum
1185 2685 1243 2749 cst,

372 2768 475 2837 Quam
488 2771 513 2830 si
529 2771 595 2848 quis
609 2771 690 2830 serro
704 2772 799 2849 potuit
816 2771 989 2829 rescindere
1006 2789 1153 2828 summurn

371 2862 491 2923 Ulceris
505 2884 540 2923 os
555 2883 562 2921 ε
586 2865 674 2923 alitur
685 2865 800 2936 vitium,
816 2865 948 2941 vivitque
961 2864 1092 2942 tegendo
1107 2883 1114 2934 3

242 2953 253 2962 “
371 2957 454 3018 Dum
471 2959 604 3019 medicas
618 2958 760 3020 adhihere
775 2981 882 3021 manus
896 2960 1072 3020 advuluera
1086 2969 1188 3040 pastor
1306 2965 1365 3021 455

372 3053 525 3132 Abnegat,
541 3062 591 3114 aut
605 3054 730 3113 meliora
742 3055 815 3114 deos
829 3056 914 3114 sedet
928 3054 1027 3115 omina
1041 3075 1179 3133 poscens.

373 3146 456 3215 Quin
470 3148 569 3220 etiam,
587 3147 646 3206 ima
659 3147 744 3208 dolor
757 3146 910 3208 balantrim
928 3151 1032 3228 lapsus
1046 3149 1083 3208 ad
1097 3169 1168 3208 ossa

373 3240 476 3309 Quum
490 3241 569 3315 furit,
586 3251 676 3320 atque
691 3251 775 3303 anus
788 3243 962 3320 depascitur
975 3244 1061 3302 arida
1074 3243 1178 3316 febris,

371 3335 488 3395 Profuit
503 3335 642 3396 incensos
656 3345 747 3396 aestus
762 3346 911 3409 avertere,
927 3344 956 3395 et
971 3337 1049 3396 inter

373 3428 439 3489 Ima
456 3429 544 3488 sarire
558 3430 643 3509 pedis
656 3430 814 3490 salientem
827 3431 973 3510 sanguina
987 3449 1095 3490 venum
1111 3450 1120 3501 ;
1306 3433 1366 3491 460

373 3521 496 3584 Bisaltae
512 3543 570 3601 quo
584 3543 666 3582 more
681 3525 789 3596 solent,
806 3543 939 3601 acerque
952 3525 1100 3597 Gelonus,

375 3616 477 3685 Quum
491 3617 567 3697 fugit
580 3617 610 3678 in
623 3617 803 3698 Rhodopen,
819 3627 910 3696 atque
924 3618 955 3676 in
969 3618 1091 3678 deserta
1103 3617 1263 3690 Getarum,

373 3709 414 3770 Et
428 3712 477 3769 lac
491 3720 664 3775 concretum
678 3730 747 3771 cum
759 3712 908 3792 sanguine
923 3720 1005 3790 potat
1019 3713 1138 3790 equino.

414 3804 514 3874 Quam
528 3807 633 3886 procul
647 3813 698 3865 aut
712 3806 793 3864 molli
807 3806 972 3865 succedere
987 3807 1097 3885 saepiira
1110 3807 1223 3866 umbrae

372 3896 505 3972 Videris,
521 3907 572 3959 aut
586 3919 718 3959 summas
732 3907 907 3978 carpentem
919 3899 1058 3980 ignauhs
1070 3900 1192 3973 herbas,
1279 3944 1282 3949 .
1307 3901 1366 3959 465

374 3990 609 4070 Extremumque
623 3993 720 4071 sequi,
738 4001 789 4052 aut
801 3993 900 4068 medio
920 3994 1117 4071 procumbere
1131 4014 1238 4074 campo

374 4084 565 4158 Pascentem,
581 4094 611 4144 et
625 4105 702 4146 seraa
717 4087 812 4146 solam
825 4087 974 4148 decedere
988 4088 1069 4147 nocti
1084 4107 1092 4157 ;

377 4177 529 4238 Continuo
543 4179 663 4258 culpam
675 4180 755 4240 ferro
769 4199 938 4260 compesce,
955 4181 1130 4260 priusquam

374 4269 454 4331 Dira
471 4292 525 4351 per
538 4272 690 4334 incautum
704 4284 826 4353 serpant
840 4275 981 4354 contagia
994 4277 1113 4355 vulgus.
1226 4292 1230 4301 ·

375 4363 406 4424 N
407 4383 446 4424 on
459 4373 521 4426 tam
534 4368 643 4428 creber
656 4386 751 4447 agens
764 4361 893 4430 hiemem
906 4369 966 4430 ruit
980 4389 1102 4448 aequore
1115 4370 1214 4444 turbo,
1308 4371 1367 4429 ato
