3167 5234
385 578 440 634 192
673 570 700 618 r.
719 567 887 616 vrnomn
906 566 1078 617 Minonis

383 711 511 770 Sedibus
524 711 604 769 buno
617 708 698 767 refer
711 706 779 766 ante
792 708 865 777 suis,
883 714 913 765 et
928 705 1022 764 conde
1035 706 1185 783 sepulcro.
1230 702 1234 711 '

382 804 454 865 Due
467 805 570 883 nigras
584 801 715 881 pecudes
729 820 737 871 3
760 819 799 858 ea
813 801 908 878 prime
919 799 1039 877 piacula
1053 807 1150 859 sunto.

383 900 435 959 Sic
448 897 566 957 demum
579 898 664 955 lucos
678 895 809 973 Stygios,
826 911 921 973 regna
934 893 1013 952 invia
1027 892 1112 964 vivis,

383 992 551 1069 Adspicies.
593 989 686 1059 Dixit,
703 1007 867 1065 pressoque
886 987 1030 1045 obmutuit
1047 1004 1110 1045 ore.
1314 988 1368 1045 155

422 1085 542 1144 AEneas
555 1092 662 1143 moesto
675 1082 792 1140 defixus
805 1081 918 1139 lumina
932 1080 1014 1139 vultu

384 1178 565 1258 Ingreditur,
581 1178 719 1253 linquens
739 1184 867 1246 antrum,
884 1193 1042 1251 caecosque
1059 1175 1171 1233 volutat

383 1272 519 1333 Eventus
533 1270 631 1328 animo
645 1288 756 1328 aecum.
801 1267 861 1328 cui
874 1268 952 1326 fidus
965 1269 1098 1327 Achates

384 1364 413 1424 It
426 1383 537 1435 comes,
553 1371 584 1421 et
597 1364 719 1441 paribus
733 1361 815 1420 curis
827 1362 955 1439 vestigia
968 1362 1041 1441 figit.

383 1454 482 1515 Multa
501 1457 580 1515 inter
592 1474 661 1514 sese
674 1456 758 1515 vario
772 1472 909 1513 sermone
924 1457 1085 1513 serebant:
1314 1454 1370 1513 160

385 1548 485 1617 Quem
497 1550 612 1609 socium
626 1548 792 1607 exanimem
806 1556 899 1619 vates,
917 1549 995 1625 quod
1014 1568 1123 1625 corpus
1136 1538 1327 1619 humandum,

384 1642 519 1703 Diceret.
562 1646 662 1719 Atque
677 1642 719 1699 illi
732 1640 883 1699 Misenum
896 1642 926 1699 in
940 1642 1038 1699 littore
1052 1642 1145 1714 sicco,

384 1735 426 1795 Ut
438 1734 560 1808 venera,
576 1736 676 1793 vident
689 1734 811 1812 indigni
825 1744 919 1793 morte
934 1742 1118 1813 peremptum
1132 1754 1140 1805 3

385 1826 540 1889 Misenum
553 1828 708 1899 AEoliden‚
725 1848 784 1904 quo
799 1848 857 1885 non
871 1830 1058 1906 praestantior
1072 1830 1148 1887 alter

384 1920 465 1981 AEre
479 1923 561 1981 ciere
575 1921 666 1992 viros,'
681 1922 870 1998 Martemque
885 1922 1051 1980 accendere
1064 1930 1164 1981 cantu.
1314 1924 1369 1981 165

385 2014 531 2074 Hectoris
544 2015 594 2074 hic
608 2016 709 2093 magni
722 2016 821 2073 fuerat
835 2034 935 2073 comes
950 2034 958 2072 z
980 2014 1117 2073 Hectora
1129 2016 1243 2073 circum

384 2110 427 2169 Et
444 2111 517 2169 lituo
531 2129 647 2189 pugnas
661 2110 786 2188 insignis
800 2110 899 2168 obibat
913 2116 943 2167 et
957 2108 1054 2169 hastd.

383 2203 548 2280 Postquam
561 2204 644 2262 illum
658 2202 719 2262 vita
732 2204 829 2279 victor
842 2202 978 2281 spoliavit
992 2203 1138 2275 Achilles,

384 2294 540 2355 Dardanio
553 2297 664 2355 AEneae
678 2316 746 2355 sese
760 2296 938 2355 fortissimus
954 2298 1043 2355 heros

384 2388 549 2449 Addiderat
563 2391 687 2462 socium,
703 2410 763 2448 non
777 2391 918 2449 inferiora
932 2400 1079 2450 secutus·

385 2483 444 2541 Sed
457 2492 530 2557 tum,
547 2484 622 2543 forte
637 2482 715 2543 cavi
728 2484 800 2542 dum
813 2492 953 2561 personat
967 2504 1088 2561 oequora
1103 2474 1229 2557 eonchd,

383 2575 529 2650 Demens,
546 2587 576 2637 et
590 2587 678 2636 cantu
694 2586 782 2636 vocat
796 2578 826 2636 in
840 2578 1003 2637 certamina
1017 2579 1110 2650 divos,

383 2670 528 2729 AEmulrm
541 2680 699 2749 exceptum
711 2671 818 2731 Triton
834 2672 872 2745 (si
886 2672 1010 2731 credere
1024 2673 1145 2751 dignum
1160 2667 1220 2752 est)

385 2762 467 2822 Inter
480 2781 554 2823 saxa
568 2766 663 2824 virum
678 2764 819 2841 spumosis
832 2766 1018 2824 immerserat
1032 2766 1122 2826 undio.

383 2856 469 2934 Ergo
483 2876 586 2915 omnes
599 2876 708 2936 magno
723 2857 836 2916 circrlm
851 2859 980 2918 elamore
995 2858 1161 2919 fremebant
1173 2880 1181 2930 ;
1313 2860 1369 2917 115

383 2948 541 3027 Praecipue
556 2950 622 3027 pius
636 2952 765 3010 AEneas.
809 2950 887 3010 Tum
903 2953 990 3029 jussa
1003 2954 1134 3031 Sibylla,

383 3040 477 3100 Haud
491 3062 584 3114 mora,
598 3043 738 3102 festinant
752 3046 858 3103 flentes
874 3064 882 3115 ;
902 3040 1049 3123 'aramque
1064 3046 1194 3124 sepulcri

385 3133 561 3213 Congerere
577 3138 742 3209 arboribus,
759 3140 897 3215 eoeloque
912 3140 1042 3198 educere
1057 3150 1182 3201 certant.

383 3227 449 3288 Itur
463 3230 492 3287 in
508 3231 657 3306 antiquam
671 3232 786 3304 silvam,
803 3235 921 3292 stabula
935 3236 996 3293 alta
1010 3235 1138 3293 ferarum
1154 3254 1161 3293 ε

383 3320 587 3383 Procumbunt
601 3325 694 3403 piceae
708 3346 716 3397 ;
740 3336 826 3386 sonat
841 3328 901 3386 icta
915 3330 1071 3387 securibus
1085 3330 1144 3389 ilex
1158 3348 1166 3401 ;
1313 3332 1371 3390 180

382 3414 602 3494 Fraxineaeque
615 3421 715 3477 trabes
729 3422 833 3479 cuneis
847 3430 877 3479 et
895 3422 986 3480 fissile
1001 3424 1091 3481 robur

291 3528 295 3543 ·
384 3509 535 3568 Scinditur
548 3531 556 3581 ;
580 3512 739 3571 advolvunt
752 3515 889 3592 ingentes
904 3516 1052 3575 montibus
1066 3535 1164 3576 ornos.

383 3601 413 3662 N
414 3620 451 3661 ec
464 3624 523 3662 non
538 3602 654 3664 AEneas
667 3626 759 3684 opera
772 3609 851 3666 inter
862 3609 935 3667 talia
949 3610 1059 3687 primus

382 3694 532 3755 Hortatur
545 3698 653 3770 socios,
670 3700 850 3777 paribusque
866 3702 1032 3781 accingitur
1046 3704 1134 3763 armis
1149 3722 1158 3760 t

382 3788 483 3865 Atque
498 3790 563 3850 haec
578 3791 641 3869 ipse
655 3813 710 3851 suo
724 3794 801 3854 tristi
819 3814 887 3853 cum
901 3796 991 3854 corde
1008 3798 1129 3869 volutat,

382 3880 573 3960 Adspeotanu
587 3885 693 3943 silvam
706 3888 890 3961 immensam,
907 3898 937 3947 et
953 3891 997 3949 sio
1011 3910 1086 3949 voce
1101 3898 1262 3969 precatur:

383 3972 416 4031 Si
428 3994 508 4034 nunc
521 3996 555 4035 se
569 3978 654 4037 nobis
668 3980 717 4037 ille
732 4000 843 4040 aurens
858 3984 964 4041 arbore
979 4003 1080 4043 ramus

382 4066 529 4126 Ostendat
543 4088 664 4130 nemore
678 4073 709 4132 in
721 4081 805 4133 tanto
820 4078 827 4134 l
850 4077 967 4153 quando
982 4078 1081 4135 omnia
1094 4077 1176 4149 vere,

382 4156 455 4219 Heu
469 4164 476 4218 l
496 4163 617 4223 nimium
631 4166 668 4224 de
678 4158 711 4226 'te
725 4178 821 4242 vates,
837 4170 965 4244 Miseno,
981 4173 1083 4231 locuta
1096 4182 1151 4232 est.

366 4248 442 4311 'vix
456 4264 494 4311 ea
507 4255 585 4316 fatus
599 4269 674 4331 erat,
690 4263 816 4339 geminae
832 4284 921 4340 quum
936 4265 1010 4325 sorte
1025 4268 1181 4339 columbo,

383 4344 453 4444 Ipsa
466 4350 521 4407 sub
536 4370 590 4409 ora
603 4354 669 4426 riri,
685 4356 763 4415 coelo
777 4357 889 4418 vendre
904 4360 1048 4433 volantes,
