3167 5234
382 537 442 595 m
671 530 699 577 Ρ.
721 529 891 577 visum}
918 530 1090 579 ussoms

381 668 506 729 Ducunt
519 676 667 727 exsortem
679 668 804 739 ΕΜ),
820 688 909 746 quem
921 669 1003 727 fulva
1014 668 1110 727 bonis

382 762 475 821 Pollis
487 762 549 819 obit
561 770 666 832 totum,
682 761 863 839 prefulgens
875 764 1025 840 unguibus
1038 762 1148 819 aureis.

421 854 518 911 Fama
530 854 620 923 volat,
636 871 758 930 parvam
770 854 869 912 subitd
883 855 1005 930 vulgata
1018 872 1072 930 per
1085 854 1198 925 urbem

382 946 477 1005 Ociiss
490 947 534 1004 ire
547 946 665 1022 equites
677 946 827 1022 Tyrrheni
841 946 878 1003 ad
893 946 994 1003 limina
1006 945 1097 1023 regis.
1304 947 1364 1005 666

381 1040 463 1097 Vota
476 1048 556 1097 metu
568 1039 721 1115 duplicant
734 1047 855 1109 matres,
871 1039 1049 1116 propiusque
1064 1038 1176 1115 periclo

383 1132 411 1191 lt
423 1132 520 1203 timor,
535 1140 566 1189 et
579 1132 672 1208 major
685 1130 793 1189 Martis
809 1132 871 1207 jam
886 1144 1008 1208 apparet
1021 1132 1128 1209 imago.

381 1225 461 1284 Tum
473 1232 559 1302 pater
570 1224 741 1294 Eunomo,
755 1223 891 1282 dextram
903 1224 1074 1301 complexus
1087 1222 1196 1293 eunt‘m,

382 1316 500 1388 Herm,
515 1317 695 1394 inexpletum
707 1317 888 1393 lacrymans,
904 1336 941 1375 ac
957 1318 1030 1375 talia
1042 1316 1141 1375 satur:

382 1410 411 1471 Ο
424 1411 495 1469 mihi
509 1410 674 1487 praeteritos
687 1410 798 1468 rcl'erat
812 1411 838 1468 si
850 1409 968 1487 Jupiter
981 1428 1075 1468 annos
1089 1412 1096 1465 !
1305 1410 1365 1467 660

383 1502 491 1571 Qualis
502 1522 597 1577 eram,
612 1521 704 1578 quum
717 1503 840 1579 primam
854 1503 950 1560 aciem
962 1502 1115 1560 Praeneste
1129 1501 1185 1559 sub
1198 1498 1266 1579 ipsi

383 1596 491 1667 Stravi,
507 1604 719 1671 scutorumque
733 1594 852 1653 incendi
866 1595 961 1652 victor
973 1612 1119 1662 acervos3

382 1688 424 1747 Et
436 1706 539 1766 regem
552 1688 611 1745 hac
624 1687 764 1746 Hei-ilum
777 1685 884 1745 dextri
897 1688 951 1744 sub
965 1686 1095 1743 Tartara
1108 1684 1186 1756 misi,

382 1780 412 1839 N
414 1782 530 1839 ascenti
542 1781 592 1838 cui
605 1790 668 1838 tres
682 1780 796 1837 animas
809 1780 940 1837 Feronia
957 1788 1052 1837 mater

384 1873 592 1951 (Horrendum
605 1872 701 1947 dictu)
715 1872 848 1943 dederat,
864 1880 950 1929 terna
960 1891 1044 1929 arma
1056 1869 1201 1929 movenda
1216 1888 1225 1940 3
1306 1870 1365 1928 666

382 1966 446 2026 Τοι·
459 1967 519 2024 leto
532 1966 710 2023 sternendus
723 1973 789 2023 erat
805 1984 813 2033 ;
837 1965 887 2024 cui
900 1973 970 2023 tunc
984 1973 1081 2023 tamen
1090 1982 1193 2021 omnes

383 2059 513 2118 Abstulit
527 2059 593 2117 hec
606 2059 721 2117 animas
733 2057 847 2129 dextre,
864 2067 893 2115 et
907 2058 1028 2116 totidem
1041 2058 1122 2114 exuit
1136 2054 1225 2113 armis
1240 2072 1248 2111 t

385 2150 455 2213 Non
469 2172 527 2230 ego
540 2171 620 2211 nunc
633 2152 713 2210 dulci
727 2151 862 2228 amplexu
877 2151 1032 2209 divellerer
1048 2168 1183 2225 usquam,

383 2244 475 2317 Nate,
490 2254 543 2304 tuo
558 2265 567 2313 ;
591 2264 689 2321 neque
703 2244 843 2302 finitimus
857 2243 1026 2303 Mezentius
1040 2260 1170 2318 unquam

382 2338 467 2399 Huic
482 2338 573 2416 capiti
587 2338 733 2396 insultans
745 2346 788 2395 tot
803 2338 882 2395 serro
896 2356 977 2395 saeva
990 2335 1120 2393 dedisset
1307 2334 1367 2391 670

382 2431 515 2500 Funere,
530 2439 591 2489 tam
604 2430 704 2488 multis
717 2428 869 2489 viluisset
883 2430 998 2488 ciuibus
1016 2431 1129 2487 urbem.

382 2526 500 2595 Atros,
515 2544 534 2581 o
548 2524 665 2601 Superi,
681 2532 711 2581 et
724 2521 823 2581 diviun
837 2532 868 2581 tu
883 2524 1010 2583 maxime
1023 2530 1122 2579 rector

381 2619 510 2697 Jupiter,
527 2619 659 2689 Arcadii,
677 2638 790 2695 queso,
806 2619 989 2677 miserescite
1002 2617 1094 2694 regis,
1178 2648 1184 2661 ·

381 2712 422 2771 Et
437 2712 548 2789 patrias
562 2712 662 2769 audite
675 2731 782 2788 preces
798 2732 804 2769 :
828 2713 858 2769 Si
873 2712 993 2771 numina
1006 2720 1107 2769 vestra

382 2805 565 2864 Incolumem
578 2804 718 2863 Pallanta
731 2805 812 2875 mihi,
827 2805 852 2863 si
867 2804 927 2862 sata
940 2810 1095 2861 reservant
1110 2820 1118 2871 ;
1307 2800 1364 2857 676

382 2898 414 2955 Si
429 2897 547 2954 visurus
560 2915 628 2954 eum
643 2896 720 2967 vivo,
737 2906 766 2954 et
781 2907 925 2955 venturus
939 2897 969 2955 in
983 2914 1084 2966 unum,

382 2988 483 3046 Vitam
496 3008 549 3047 oro
563 3008 571 3058 ;
595 2990 691 3066 patiar
705 2991 838 3065 quemvis
852 2990 959 3047 durare
974 2990 1116 3047 laborem.

382 3082 435 3141 Sin
448 3082 579 3158 aliquem
591 3081 743 3139 infandum
757 3102 870 3153 casum,
884 3083 1029 3153 Fortuna,
1043 3080 1176 3153 minaris,

381 3177 411 3235 N
414 3196 482 3247 unc,
498 3197 526 3247 o,
544 3196 623 3235 nunc
637 3176 726 3235 liceat
739 3178 890 3236 crudelem
904 3179 1080 3254 abrumpere
1101 3176 1202 3248 vitam,

360 3269 463 3329 ‘Dum
476 3288 557 3327 curm
572 3270 730 3347 ambigue,
745 3270 814 3328 dum
825 3290 894 3348 spes
908 3271 1023 3328 incerta
1036 3269 1137 3341 futuri,
1305 3267 1364 3325 600

380 3360 462 3421 Dum
475 3370 515 3433 te,
532 3382 603 3420 care
615 3382 699 3440 puer,
715 3382 783 3421 mea
796 3382 866 3421 sera
880 3371 909 3422 et
922 3364 987 3421 sola
1000 3362 1144 3438 voluptas,

381 3454 548 3533 Complexo
560 3464 648 3513 teneo
664 3474 671 3511 ε
692 3456 813 3533 gravior
828 3476 865 3514 ne
880 3456 999 3515 nuntius
1013 3474 1102 3513 aures

379 3546 536 3607 Volneret.
576 3548 654 3607 Herc
668 3548 784 3626 genitor
799 3549 934 3627 digressu
948 3548 1027 3607 dicta
1040 3566 1178 3625 supremo

380 3628 559 3702 Fundebat':
582 3644 685 3702 famuli
698 3644 860 3721 collapsum
876 3644 905 3702 in
918 3652 998 3703 tecta
1011 3644 1154 3715 serebant.

418 3737 549 3814 Jamque
563 3736 639 3794 aded
654 3736 767 3794 exierat
782 3737 876 3814 portis
890 3737 1039 3814 equitatus
1054 3736 1164 3814 apertis
1179 3754 1186 3793 :
1305 3734 1362 3791 606

382 3828 498 3889 AEneas
511 3831 589 3888 inter
602 3831 711 3908 primos
724 3838 755 3889 et
769 3830 845 3889 fidus
859 3830 991 3889 Achates
1005 3850 1013 3899 3

381 3921 455 3981 Inde
470 3923 520 3981 alii
531 3921 631 3999 Trojae
645 3942 806 4002 proceres:
829 3923 891 4002 ipse
905 3924 1023 4001 agmine
1041 3922 1145 3981 Pallas

382 4012 418 4073 ln
431 4015 539 4087 medio,
554 4016 710 4093 chlamyde
724 4027 753 4075 et
768 4016 854 4094 pictis
867 4024 1044 4094 conspectus
1058 4018 1088 4073 in
1106 4014 1195 4073 armis
1210 4034 1219 4087 ς

383 4105 490 4173 Qualis
504 4109 555 4165 ubi
568 4110 674 4167 oceani
689 4101 827 4188 perfusus
840 4108 963 4167 Lucifer
976 4108 1066 4181 undd,

382 4196 483 4264 Quem
495 4198 600 4259 Venus
614 4210 683 4259 ente
697 4203 772 4261 alios
785 4210 931 4261 astrorum
946 4202 1039 4281 diligit
1053 4202 1149 4281 ignes,
1303 4199 1363 4257 690

381 4290 496 4350 Extulit
509 4312 543 4351 os
556 4312 675 4353 merum
688 4296 776 4368 coelo,
791 4297 991 4373 tenebrasque
1005 4296 1136 4355 resolvit.
