3167 5234
377 555 431 612 1¹16
661 545 688 593 P.
707 544 874 592 vtnotnn
894 543 1068 592 usnoms

375 687 405 748 N
408 662 586 765 equidqusm
605 693 798 758 memoratus,
813 685 898 763 Eryx
911 686 923 742 l
944 685 996 744 ubi
1009 684 1088 742 lama
1100 701 1285 761 peromnem

377 780 575 853 Trinacriam,
590 789 620 838 ot
635 779 731 857 spolia
744 780 796 838 illa
808 780 868 838 tuis
882 779 1041 857 pendentia
1059 778 1148 836 tectis
1163 778 1175 833 l

376 876 432 936 Ille
446 877 501 934 sub
515 877 582 934 haec
596 891 603 932 ε
626 874 696 933 Νοιι
714 873 812 932 laudis
825 893 919 945 amor,
934 892 992 932 nec
1005 871 1103 951 gloria
1114 871 1206 930 cessit

375 969 469 1030 Pulsa
483 979 563 1030 metu
579 988 587 1038 3
610 968 663 1028 sed
678 967 758 1027 enim
771 967 889 1046 gelidus
901 967 1038 1025 tardante
1051 965 1176 1024 seneotd
1304 965 1364 1024 8θὸ

377 1065 506 1143 Sanguis
520 1064 619 1134 hebel,
635 1049 805 1141 frigentque
818 1061 928 1120 effoette
942 1061 973 1118 in
987 1078 1113 1136 corpore
1127 1058 1217 1118 vires.

377 1160 411 1217 Si
424 1160 504 1230 mihi,
520 1179 588 1235 quae
603 1157 751 1234 quondam
765 1156 873 1227 fuerat,
890 1153 1011 1232 quelque
1024 1154 1175 1231 improbus
1188 1153 1245 1211 isto

376 1252 516 1312 Exsultat
530 1251 635 1322 fidens,
651 1251 677 1309 si
690 1269 770 1308 nunc
785 1250 861 1307 foret
875 1249 927 1306 illa
943 1248 1084 1325 juventas
1098 1265 1105 1315 ;

376 1344 470 1405 Haud
484 1344 623 1422 equidem
635 1345 729 1421 pretio
745 1343 883 1401 inductus
898 1341 1080 1419 pulchroque
1095 1339 1226 1415 juvenco

376 1437 535 1498 venissem
549 1458 555 1495 :
578 1459 636 1497 nec
650 1437 729 1495 dona
742 1455 851 1494 moror.
895 1436 946 1492 Sic
959 1433 1065 1492 deinde
1079 1433 1207 1503 locutus,
1306 1434 1365 1490 4oe

377 1531 413 1592 ln
427 1533 556 1590 medium
569 1532 705 1610 geminos
718 1531 839 1588 immani
852 1529 982 1607 pondere
997 1535 1107 1586 cestus

376 1625 519 1703 Projecit‚
536 1625 643 1702 quibus
658 1643 730 1682 acer
743 1624 828 1700 Eryx
842 1623 872 1680 in
886 1622 992 1699 prmlia
1006 1628 1110 1678 suctus

377 1719 473 1778 Ferre
488 1736 617 1788 manum,
633 1716 768 1792 duroque
783 1715 937 1774 intendere
952 1714 1077 1772 brachia
1089 1721 1185 1790 tergo.

377 1810 569 1890 Obstupuisre
583 1812 674 1869 animi
688 1829 695 1867 ε
718 1818 867 1868 tantorum
881 1808 1015 1886 ingentia
1028 1817 1142 1884 septem

376 1904 481 1984 Terga
495 1907 583 1964 boum
598 1905 717 1982 plumbo
734 1903 832 1960 insuto
845 1902 985 1978 ferroque
1000 1901 1146 1978 rigebant.
1307 1899 1366 1956 405

376 2002 456 2060 Ante
471 2018 574 2059 omnes
587 2006 686 2076 stupet
701 1998 764 2075 ipse
779 1996 890 2066 Dares,
906 1996 1056 2073 longeque
1071 2001 1213 2052 recusat:

378 2093 648 2172 Magnanimusque
663 2091 862 2151 Anchisiaden
875 2099 905 2148 et
919 2089 1034 2166 pondus
1046 2097 1077 2147 et
1091 2089 1157 2167 ipsa
1230 2140 1233 2144 Α

377 2187 450 2246 Huc
465 2187 535 2245 illuc
549 2187 714 2244 vinclorum
732 2185 878 2242 immensa
891 2184 1041 2242 volumina
1055 2190 1164 2241 versat.

376 2279 455 2338 Tum
469 2279 569 2338 senior
582 2280 659 2338 tales
673 2278 823 2336 referebat
838 2285 959 2354 pectore
974 2295 1064 2334 voces
1079 2295 1087 2332 t

377 2372 469 2444 Quid,
486 2373 511 2430 si
526 2374 592 2449 quis
606 2380 716 2432 caestus
730 2371 824 2449 ipsius
837 2381 868 2428 et
881 2369 1026 2428 Herculis
1039 2389 1123 2428 arma
1307 2370 1366 2427 410

376 2455 520 2538 Vidisset,
534 2466 710 2541 tristemque
724 2464 781 2522 hoc
796 2464 860 2541 ipso
874 2464 904 2522 in
918 2464 1016 2522 littore
1029 2481 1161 2541 pugnam
1175 2461 1187 2517 l

378 2557 457 2618 Haec
471 2577 632 2637 germanus
645 2558 730 2636 Eryx
744 2557 895 2635 quondam
906 2566 977 2616 tuus
991 2576 1075 2615 mma
1088 2557 1213 2634 gerebat
1226 2573 1236 2626 ς

379 2653 531 2730 Sanguine
546 2653 645 2710 cernis
659 2651 757 2710 adhuc
775 2651 933 2726 fractoque
947 2651 1059 2710 insecta
1071 2650 1207 2708 cerebro.

377 2743 438 2806 His
452 2763 593 2822 magnum
605 2745 735 2802 Alciden
749 2753 854 2802 contra
873 2745 978 2802 stetitc
1000 2744 1047 2802 bis
1060 2763 1118 2822 ego
1131 2750 1245 2815 suetus,

377 2837 461 2898 Dum
473 2838 579 2897 melior
592 2839 672 2896 vires
685 2838 810 2916 sanguis
824 2837 925 2909 dabat,
941 2838 1048 2896 aemula
1061 2837 1189 2896 necdum
1308 2837 1367 2895 415

377 2931 578 3009 Temporibus
592 2931 720 3008 geminis
733 2934 864 2989 canebat
876 2950 983 3008 sparsa
995 2939 1148 2990 sanemus.

379 3024 449 3096 Sed,
466 3024 492 3083 si
510 3033 612 3082 nostra
625 3024 725 3082 Dares
740 3025 807 3082 hmo
820 3024 931 3084 Troius
945 3043 1029 3082 arma
1042 3032 1173 3096 recusat,

379 3117 475 3196 quue
489 3117 537 3195 pio
551 3117 635 3176 sedet
648 3117 771 3189 AEneae,
787 3121 894 3196 probat
908 3127 1013 3176 auctor
1026 3118 1165 3190 Acestes,

379 3211 551 3288 AEquomus
566 3229 692 3289 pugnas.
733 3211 845 3288 Erycis
857 3213 912 3270 tibi
925 3221 1012 3290 terga
1025 3212 1143 3271 remitto
1158 3232 1166 3280 ;

379 3305 469 3365 Solve
483 3313 601 3375 matun
623 3313 654 3363 et
668 3314 701 3363 tu
715 3305 865 3382 Trojanos
879 3325 956 3363 exue
971 3315 1089 3365 caestus.
1308 3305 1367 3363 42⁰

419 3398 499 3458 Haec
513 3399 602 3470 satus,
619 3398 768 3476 duplicem
781 3418 819 3457 es
832 3399 964 3458 humeris
978 3400 1084 3476 rejecit
1098 3400 1238 3459 amictmn
1255 3405 1275 3470 ;'

378 3493 420 3554 Et
433 3511 559 3571 magnos
573 3494 773 3550 membrorum
785 3501 879 3565 artus,
895 3512 1005 3572 magna
1018 3512 1098 3566 ossa,
1114 3494 1306 3572 lacertosque

378 3586 481 3658 Exuit,
498 3594 588 3663 atque
602 3585 709 3663 ingens
723 3585 823 3644 medid
836 3586 970 3645 consistit
984 3586 1088 3646 arenul.

378 3681 459 3740 Tum
476 3689 559 3739 satus
573 3677 709 3738 Anchisia
723 3687 834 3738 caestus
849 3687 934 3757 pater
947 3683 1051 3741 extulit
1067 3701 1180 3758 arquos,

381 3775 419 3833 Et
434 3775 556 3853 paribus
569 3773 684 3852 palmas
697 3776 851 3831 amborum
866 3774 998 3833 innexuit
1013 3777 1112 3834 armis.
1309 3775 1368 3833 425

381 3866 523 3928 Constitit
538 3868 568 3925 in
581 3867 691 3946 digitos
705 3868 853 3945 extemplo
867 3877 1004 3926 arrectus
1017 3877 1156 3947 uterque,

379 3959 570 4038 Brachioque
586 3962 623 4020 ad
638 3981 763 4040 superas
778 3962 929 4022 interritus
942 3963 1048 4022 extulit
1062 3983 1162 4023 auras.

380 4053 542 4113 Abduxere
556 4063 637 4114 retro
652 4055 740 4135 longe
755 4057 856 4134 capita
869 4055 964 4115 ardna
978 4060 1016 4116 ab
1030 4059 1091 4116 ictu
1107 4077 1116 4128 ;

342 4197 345 4208 .
381 4145 611 4225 Immiacentque
626 4167 731 4208 manus
744 4151 891 4223 manibus,
908 4170 1099 4231 pugnamque
1113 4151 1276 4212 lacessunt.

382 4239 436 4299 Ille
451 4240 558 4318 pedum
576 4242 680 4303 melior
693 4252 784 4315 motu,
801 4245 956 4322 intusque
972 4244 1121 4322 jurantis:
1310 4245 1371 4304 Μ

379 4331 444 4394 Hie
458 4335 598 4394 membris
611 4343 641 4394 et
654 4337 732 4396 mole
746 4339 849 4398 valens
865 4359 873 4410 3
896 4339 950 4399 sod
963 4339 1052 4399 tarda
1063 4339 1202 4398 trementi
