3167 5234
363 552 419 607 174
651 543 678 590 Ρ.
692 541 862 590 VIRGILII
886 540 1062 593 Minonis

349 682 522 754 ·'Ibreiciis,
537 682 599 740 lato
613 700 703 758 quem
716 682 970 761 circumplectitur
984 702 1057 742 auro

359 778 495 849 Balteus,
512 784 543 834 et
555 776 643 834 tereti
656 777 806 835 subnectit
820 777 913 835 fibula
926 775 1053 854 gemmi„

360 872 483 930 Tertius
496 867 643 948 Argolici
654 867 714 928 bric
727 868 818 947 galei
831 878 988 928 contentus
1002 870 1091 929 abito.

398 964 480 1025 Haec
494 964 545 1023 ubi
558 964 648 1034 dicta,
665 962 764 1021 locum
779 962 900 1040 capiunt
915 982 923 1032 ;
947 964 1094 1039 signoque
1108 964 1231 1042 repenti
1290 966 1351 1027 315

360 1059 535 1136 Corripiunt
548 1057 645 1135 spatia
659 1056 770 1127 audito,
786 1056 936 1132 limenque
950 1056 1131 1132 relinquunt,

359 1153 460 1212 Effusi
473 1152 572 1210 nimbo
586 1150 698 1209 similes
711 1169 720 1220 ;
744 1150 833 1207 simul
846 1149 948 1207 ultime
963 1149 1091 1227 signant.

359 1245 478 1306 Primus
492 1246 564 1316 abit,
580 1243 730 1323 longique
745 1251 813 1301 aute
828 1243 928 1301 omnic
940 1261 1068 1320 corpora
1081 1242 1175 1303 Nisus

359 1338 489 1411 Emicat,
507 1347 537 1397 et
550 1336 648 1396 ventis
660 1344 691 1395 et
705 1336 836 1395 fulminis
850 1336 933 1395 ocior
947 1335 1012 1395 alis.

358 1432 518 1493 Proximus
531 1432 612 1503 buic,
627 1430 717 1509 longo
732 1429 786 1487 sed
800 1429 951 1508 prosimus
964 1429 1132 1503 intervallo,
1290 1432 1351 1491 000

361 1526 533 1602 Insequitur
547 1525 656 1584 Salius.
698 1524 802 1602 Spatic
816 1523 882 1602 pdst
897 1523 1003 1582 deinde
1017 1524 1134 1598 relicto,

360 1621 484 1679 Tertius
497 1619 661 1696 Euryalus.

360 1714 589 1791 Euryalumque
604 1711 755 1788 Helymus
768 1710 913 1789 sequitur.
956 1712 1027 1779 Quo
1040 1712 1147 1773 deiude
1161 1714 1217 1772 sub
1231 1712 1296 1793 ipsc

362 1810 446 1868 Ecce
456 1808 549 1891 polet,
563 1807 738 1882 calcemque
750 1806 820 1865 terit
836 1806 900 1883 jam
913 1809 998 1867 calce
1012 1808 1134 1879 Diores,

362 1900 543 1962 incumbens
557 1901 700 1960 humero:
725 1900 820 1978 spatia
836 1910 866 1958 et
880 1902 906 1959 si
920 1901 1007 1979 plura
1020 1902 1179 1978 supersint,
1290 1904 1351 1961 805

361 1997 512 2055 Τηιιεοαὶ
526 1995 646 2073 elapsus
660 1994 751 2071 prior,
767 1994 977 2072 ambiguumve
996 1996 1152 2072 relinquet.

361 2091 491 2166 Jamque
506 2087 569 2147 fert
583 2088 679 2165 spatio
693 2096 836 2159 extremo,
853 2088 997 2166 fessique,
1012 2091 1067 2147 sub
1081 2090 1175 2166 ipsem

362 2184 470 2243 Finem
483 2182 694 2253 adventabant,
711 2181 770 2239 levi
785 2200 875 2257 quum
890 2183 1036 2260 sanguine
1050 2182 1144 2241 Nisus

361 2277 490 2337 Labitur
503 2275 605 2333 infelix
618 2294 626 2344 3
649 2275 738 2333 caesis
751 2283 783 2332 ut
799 2274 873 2333 forti
890 2276 1028 2351 juvencis

361 2371 462 2429 Fusus
476 2370 598 2427 humum
611 2368 780 2445 viridesque
796 2386 887 2446 super
899 2369 1101 2427 madefecerat
1114 2370 1232 2429 herbas.
1292 2372 1353 2430 800

361 2463 426 2524 Hic
443 2463 574 2540 juvenis,
592 2462 656 2538 jam
669 2462 765 2521 victor
777 2480 881 2533 ovans,
897 2462 1025 2540 vestigia
1039 2482 1143 2540 presso

363 2556 457 2616 Haud
470 2556 565 2615 tenuit
577 2556 705 2613 titubata
718 2554 782 2613 eolo
796 2574 805 2625 3
828 2554 882 2613 sed
903 2574 1014 2632 pronus
1028 2556 1058 2614 in
1072 2557 1136 2634 ipso

364 2650 504 2712 Concidit
518 2649 728 2725 immundoque
742 2649 812 2709 limo
827 2668 975 2725 sacroque
990 2668 1108 2709 cruore.

363 2743 393 2803 N
395 2764 431 2803 on
446 2752 545 2801 temen
559 2742 697 2819 Euryali,
714 2762 773 2801 non
787 2743 838 2801 ille
852 2744 961 2801 oblitus
975 2762 1107 2803 amorum
1122 2762 1130 2814 ;

363 2836 443 2896 Nam
457 2854 525 2894 sese
540 2834 676 2912 opposuit
690 2836 781 2907 Salio,
798 2850 852 2913 per
865 2837 981 2895 lubrica
995 2856 1132 2916 surgens.

364 2929 420 2989 Ille
434 2938 534 2987 autem
548 2926 646 3005 spissi
661 2928 757 3004 jacuit
770 2929 923 2988 revolutus
938 2930 1041 2989 areni.

362 3022 481 3082 Emicat
494 3022 659 3099 Euryalus,
676 3030 706 3080 et
719 3042 843 3082 munere
858 3024 953 3083 victor
966 3025 1055 3083 amici

363 3116 465 3175 Prima
477 3123 570 3187 tenet,
586 3116 752 3194 plausuque
765 3118 845 3177 volet
859 3118 1038 3195 fremituque
1051 3118 1192 3179 secundo.

363 3210 436 3269 Pdst
450 3209 601 3285 Helymus
614 3209 703 3281 subit,
720 3218 749 3268 et
763 3230 844 3269 nunc
857 3212 946 3269 tertia
961 3213 1058 3289 palme
1071 3213 1191 3273 Diores.

362 3302 428 3363 Hic
440 3313 534 3362 totum
548 3321 651 3361 carere
665 3323 839 3362 consessum
853 3304 992 3383 ingentis,
1009 3315 1038 3364 et
1053 3326 1107 3364 ors

362 3397 464 3458 Prima
477 3405 604 3475 patrum,
622 3398 738 3475 maguis
752 3398 851 3457 Salius
866 3399 1047 3457 clamoribus
1061 3400 1172 3477 implet,

362 3490 568 3568 Ereptumque
582 3490 650 3548 dolo
664 3490 747 3549 reddi
761 3491 817 3549 sibi
833 3492 927 3569 poscit
941 3491 1093 3551 honorem.
1203 3540 1205 3547 ,

363 3585 493 3643 Tutatur
506 3584 592 3642 favor
603 3584 780 3661 Euryalum,
797 3586 997 3662 lacrymaeque
1012 3586 1141 3659 decore,

363 3678 486 3739 Gratior
498 3689 528 3736 et
543 3678 667 3755 pulchro
681 3679 804 3736 veniens
819 3679 848 3735 in
863 3698 987 3756 corpore
1003 3680 1105 3739 virtus.

362 3772 506 3849 Adjuvat,
523 3780 552 3830 et
566 3769 678 3849 magui
691 3773 853 3849 proclamet
869 3791 942 3830 voce
956 3772 1078 3844 Diores,

363 3865 427 3933 Qui
440 3866 529 3925 subiit
542 3866 659 3943 palmae,
676 3864 846 3942 frustraque
862 3865 897 3923 ad
914 3866 1036 3942 praemie
1049 3865 1129 3924 veuit

362 3958 484 4029 Ultima,
500 3958 527 4016 si
540 3959 625 4035 primi
638 3958 720 4017 Salio
734 3958 898 4017 redduntur
912 3959 1050 4019 bonores.

363 4052 442 4110 'Ium
456 4060 542 4129 pater
553 4052 683 4123 AEueas,
705 4052 827 4124 Vestra,
845 4052 949 4130 iuquit,
966 4071 1092 4111 munera
1104 4052 1188 4111 vobis

279 4182 284 4195 ι
365 4144 461 4205 Certa
474 4152 604 4216 manent,
621 4144 706 4222 pueri
718 4165 726 4215 3
751 4156 780 4203 et
795 4147 921 4223 palmam
935 4155 1035 4205 movet
1049 4146 1152 4207 ordine
1166 4164 1253 4206 nemo
1269 4162 1276 4204 ε

362 4238 416 4297 Me
429 4238 519 4296 liccat
532 4258 621 4297 casus
634 4238 771 4297 miserari
785 4240 910 4297 insontis
923 4240 1020 4299 amici.
1292 4238 1353 4298 360

365 4332 416 4393 Sic
430 4333 519 4404 fatus,
533 4340 651 4410 tergum
664 4332 776 4391 Gaetuli
789 4333 916 4393 immane
931 4334 1025 4393 leonis
