3167 5234
544 540 720 591 AENEIDOS
741 542 811 590 ΜΒ.
826 541 873 588 IX.
1148 538 1207 597 265

219 684 343 745 Turnus
359 681 448 759 Itym,
465 680 676 757 Cloniumque,
691 679 883 757 Dioxippum,
898 675 1139 751 Promolumque,

219 776 265 837 m
277 775 424 855 Sagarim,
437 781 468 831 et
481 774 603 832 summis
616 783 742 832 stantem
756 792 811 850 pro
824 770 955 829 turribus
969 767 1043 826 Idan
1058 787 1066 837 ;
1148 766 1206 825 575

220 870 400 929 Privernum
413 866 527 944 Capys.
569 866 662 925 Hune
675 865 769 944 primo
783 864 858 922 levis
872 864 958 920 hasta
970 860 1106 919 Temillae
1208 868 1210 879 '

221 962 410 1021 strinxerat:
432 959 482 1017 ille
496 978 624 1030 manum,
642 959 774 1037 projecto
786 957 928 1035 tegmine,
945 954 1066 1013 demens

220 1054 269 1114 Ad
283 1054 392 1111 vulnus
403 1053 470 1111 tulit
484 1070 492 1121 3
516 1070 589 1129 ergo
603 1053 660 1110 ulis
673 1053 789 1128 allapsa
802 1050 922 1128 sagitta,

220 1147 262 1206 m
276 1147 353 1225 layo
367 1146 456 1204 affixa
468 1152 515 1203 est
528 1145 616 1203 lateri
630 1164 745 1215 manus,
761 1144 922 1218 abditaque
936 1142 1015 1199 intua
1090 1216 1092 1224 ¹

222 1239 411 1317 spiramenta
424 1238 529 1296 animae
543 1238 626 1296 letali
640 1238 762 1296 vulnere
776 1236 893 1314 rumpit.
1149 1234 1207 1293 580

222 1334 327 1391 Stabat
340 1332 372 1390 in
385 1331 517 1410 egregiis
532 1332 672 1389 Arcentis
685 1330 764 1389 filius
778 1330 878 1400 armis,

220 1426 327 1485 Pictus
343 1445 400 1484 acu
414 1424 612 1502 chlamydem,
628 1434 658 1482 et
672 1424 823 1502 tentigine
838 1424 938 1482 clarus
953 1420 1054 1494 Iners,

222 1518 354 1599 Insignis
368 1520 456 1591 facie,
472 1520 590 1598 genitor
604 1538 692 1595 quem
705 1520 826 1575 miserat
840 1518 968 1588 Arcens,

220 1614 373 1673 Eductum
386 1613 494 1671 Matris
507 1612 587 1683 luco,
604 1611 765 1688 Symaethia
779 1611 892 1667 circum

220 1706 372 1777 Flumina,
387 1706 506 1783 pinguis
520 1705 570 1763 ubi
584 1714 614 1762 et
628 1704 783 1782 placabilis
798 1722 851 1761 ara
865 1702 970 1761 Palici.

223 1798 402 1857 Stridentem
415 1798 545 1868 fundam,
562 1798 666 1875 positis
679 1796 849 1854 Mezentius
863 1794 968 1866 hastis,

222 1890 292 1969 lpse
305 1900 353 1950 ter
366 1889 496 1949 adducta
509 1891 622 1949 circum
636 1902 724 1967 ceput
739 1890 800 1966 egit
815 1887 944 1959 habenti,

220 1985 262 2044 Et
275 1984 375 2043 media
387 1984 507 2043 adversi
520 1983 680 2058 liquefacto
694 1992 829 2060 tempora
844 1982 962 2058 plumbo

221 2076 348 2148 Diffidit,
365 2096 401 2134 ac
414 2074 508 2134 multi
521 2084 693 2153 porrectum
706 2075 838 2133 extendit
852 2072 955 2133 arenti.

257 2170 339 2227 Tum
352 2168 476 2247 primirm
490 2168 569 2226 bello
582 2168 714 2225 celerem
727 2168 889 2226 intendisse
903 2166 1043 2244 sagittam

222 2262 353 2334 Dicitur,
369 2260 437 2320 ante
450 2262 531 2320 feras
543 2260 649 2318 solitus
661 2269 776 2319 terrere
795 2261 930 2338 fugaces,
995 2254 999 2263 '

221 2354 382 2426 Ascanius,
398 2354 563 2431 sortemque
577 2374 668 2413 manu
682 2354 793 2412 fudisse
809 2354 978 2411 Numanum
994 2369 1001 2420 3

222 2446 283 2507 Cui
295 2446 424 2506 Remulo
437 2466 603 2525 cognomen
617 2455 704 2518 erat;
727 2446 883 2521 Turnique
898 2444 1040 2502 minorem

221 2539 416 2612 Germanum,
431 2559 527 2617 nuper
538 2541 670 2599 thalamo
683 2540 826 2609 sociatus,
842 2538 981 2596 habebat.

222 2632 254 2691 ls
268 2633 391 2709 primam
405 2640 474 2691 ante
489 2634 595 2704 aciem,
611 2634 703 2712 digna
715 2641 805 2708 atque
819 2631 940 2708 indigna
953 2630 1049 2688 relatu

220 2725 411 2798 vociferans,
425 2727 615 2803 tumidusque
628 2746 705 2785 novo
720 2724 885 2803 praecordia
898 2742 1001 2801 regno,

221 2818 299 2890 lbet,
314 2829 345 2878 et
358 2820 509 2897 ingentem
523 2839 591 2879 sese
605 2822 737 2879 clamore
750 2820 867 2879 serebat
882 2836 889 2875 ε

259 2913 289 2971 N
290 2932 329 2970 on
343 2912 599 2989 pudetobsidione
614 2914 720 2971 iterum
733 2913 874 2989 valloque
887 2910 994 2983 teneri,

219 3005 275 3065 Bis
287 3006 366 3083 capti
379 3006 527 3085 Phryges,
543 3015 573 3064 et
587 3006 680 3065 Marti
693 3006 878 3085 pretendere
892 3024 992 3063 muros
1005 3004 1016 3062 l

218 3098 279 3169 En,
297 3099 348 3175 qui
361 3107 464 3158 nostra
476 3099 534 3156 sibi
547 3100 626 3157 bello
639 3100 789 3159 connubia
802 3108 927 3177 poscunt
942 3101 949 3156 !

219 3191 299 3258 Qui·
312 3190 387 3250 deus
400 3191 528 3263 Italiam,
547 3212 613 3269 quar
626 3212 680 3250 vos
693 3192 843 3251 dementia
857 3192 956 3271 adegit
971 3190 981 3248 ?

220 3284 290 3343 Non
303 3283 353 3343 hic
368 3284 492 3356 Atridae,
507 3304 565 3343 nec
578 3285 658 3343 fandi
672 3285 759 3344 lictor
772 3285 907 3363 Ulysses.

218 3375 339 3435 Durum
352 3379 391 3435 ab
405 3377 496 3455 stirpe
510 3398 618 3455 genus,
635 3391 722 3437 natos
735 3379 772 3436 ud
784 3379 904 3437 flumina
923 3376 1048 3455 primum

219 3468 401 3542 Deserimus,
415 3490 556 3547 servoque
570 3471 642 3549 gelu
655 3472 798 3530 duramus
811 3480 840 3529 et
855 3470 959 3529 undis:

220 3561 344 3619 Venatu
358 3562 511 3640 invigilant
526 3564 623 3641 pueri,
638 3564 789 3640 silvasque
804 3564 947 3640 fatigant:

220 3654 362 3713 Flectere
376 3655 464 3713 ludus
477 3675 581 3732 equos,
598 3666 628 3714 et
642 3657 757 3734 spicula
769 3657 892 3714 tendere
910 3673 1013 3715 cornu.

218 3746 258 3805 At
272 3747 390 3825 patiens
403 3767 524 3825 operum
538 3769 689 3826 parvoque
704 3758 825 3807 assueta
834 3750 986 3824 juventus,

219 3840 280 3898 Aut
294 3841 400 3899 rastris
412 3848 525 3899 terram
537 3825 647 3914 domat,
663 3851 715 3899 aut
729 3843 824 3919 quatit
838 3840 944 3918 oppida
959 3839 1045 3909 belloi

219 3933 316 3991 Omne
330 3952 427 3991 mrum
440 3934 520 3993 ferro
533 3936 640 3993 teritur
654 3954 662 4004 ;
685 3933 835 4010 versique
845 3930 1013 4009 juvencum,

219 4024 323 4103 Terga
336 4026 496 4103 fatigamus
508 4026 616 4085 hemi:
639 4028 796 4085 nectenda
810 4035 950 4085 senectus

219 4117 365 4177 Debilitat
378 4121 457 4178 vires
471 4121 571 4191 enimi,
585 4128 738 4197 mutatque
752 4122 885 4198 vigorem
899 4140 906 4189 3

220 4209 370 4269 Canitiem
383 4212 475 4289 galei
488 4214 647 4291 premimus
660 4234 667 4283 ;
691 4234 868 4292 semperque
882 4222 1021 4274 recentes

220 4302 417 4382 comportare
431 4306 516 4381 juvat
530 4307 656 4385 praedas,
672 4317 703 4366 et
717 4309 817 4367 vivere
831 4316 926 4385 rapto.

493 4402 534 4458 23
886 4420 931 4459 un
