3167 5234
536 544 709 595 AENEIDOS
728 548 798 597 ΗΒ.
813 550 858 597 Vl.

203 681 333 765 Jupiter,
349 692 380 743 et
393 684 485 741 rebus
498 701 557 761 nqx
570 686 692 745 abstulit
705 694 771 747 atra
784 688 924 751 colorem.

160 827 162 834 .
204 776 395 836 Vestibulum
409 785 479 835 ante
493 778 599 855 ipsum,
615 781 776 857 primisque
796 783 827 841 in
841 783 979 843 saucibus
991 783 1075 855 Orci,

203 868 320 929 Luctus
334 879 364 930 et
377 870 502 929 ultrices
515 871 644 948 poenire
657 874 769 933 cubilia
783 875 875 936 Cure
892 896 900 946 ;

203 960 416 1040 Pallentesque
431 962 564 1023 habitant
577 966 689 1039 Morbi,
703 968 857 1045 tristisque
872 971 1030 1043 Senectus,
1133 972 1193 1031 275

203 1056 244 1116 Et
256 1056 371 1128 Metus,
387 1065 418 1116 et
431 1058 606 1116 malesuada
618 1060 740 1133 Fames,
756 1080 795 1120 ac
808 1064 903 1140 turpis
916 1064 1058 1142 Egestas,

203 1148 371 1208 Terribiles
384 1150 449 1208 risu
464 1150 587 1221 formse3
610 1152 790 1232 Letumque,
806 1155 968 1233 Labosque
984 1176 993 1227 ;

204 1242 284 1301 Tum
296 1243 538 1321 consanguineus
550 1244 619 1303 Leti
634 1248 739 1324 Sopor,
754 1258 785 1306 et
798 1251 877 1308 mola
890 1251 997 1309 mentis

204 1336 327 1395 Gaudia
341 1354 350 1406 3
373 1337 616 1415 mortiferumque
631 1341 758 1400 adverso
771 1343 802 1401 in
816 1344 915 1403 limine
929 1344 1057 1416 Bellum,

204 1428 372 1505 Ferreique
385 1429 584 1489 Eumenidum
598 1433 730 1505 thalami,
746 1443 777 1493 et
789 1435 951 1495 Discordia
966 1436 1099 1511 demens,
1134 1439 1195 1497 ato

205 1520 370 1600 Vipereum
383 1523 497 1581 crinem
511 1524 591 1583 vittis
604 1526 713 1586 innexa
726 1530 868 1589 cruentis.

246 1616 281 1675 ln
295 1617 393 1675 medio
406 1636 506 1675 ramos
520 1637 694 1697 annosaque
707 1622 833 1681 brachia
847 1622 947 1699 pandit

205 1709 311 1768 Ulmus
325 1730 432 1788 opeca,
448 1712 565 1789 ingens,
580 1732 671 1789 quam
683 1714 785 1775 sedem
802 1717 921 1774 Somnia
935 1714 1026 1794 vulgo

208 1803 296 1861 Vana
308 1810 412 1862 tenere
427 1804 536 1877 ferunt,
550 1804 689 1883 foliisque
703 1808 759 1866 sub
772 1809 909 1867 omnibus
923 1809 1046 1869 herent.

205 1896 364 1973 Multaque
378 1905 525 1973 praterea
537 1900 688 1959 variarum
701 1910 834 1959 monstra
847 1902 988 1975 ferarum,
1041 1916 1048 1935 '
1135 1904 1194 1963 985

207 1989 356 2050 Centauri
374 1990 533 2051 inferibus
547 1994 708 2066 stabulant,
726 1995 894 2073 Scyllaeque
909 1996 1060 2069 biformes,

205 2084 517 2163 Bit-centumgeminus
530 2086 686 2160 Briareus,
702 2108 738 2147 ae
752 2089 853 2148 bellus
866 2090 976 2149 Lerne

207 2177 400 2237 Horrendirm
413 2178 553 2252 stridens,
568 2180 754 2258 flammisque
767 2192 885 2241 armata
898 2182 1061 2255 Chimaera,

207 2270 376 2349 Gorgones,
391 2272 611 2350 Harpyiaeque,
627 2283 656 2334 et
670 2274 765 2335 forms
778 2276 951 2353 tricorporis
966 2278 1087 2337 umbrae.

207 2363 341 2442 Corripit
355 2364 404 2423 hic
418 2364 518 2425 subiti
530 2367 664 2445 trepidus
677 2368 832 2427 formidine
848 2369 958 2427 serrum
1135 2372 1195 2431 290

207 2458 336 2530 AEneas,
353 2459 547 2535 strictamque
561 2461 658 2520 eciem
671 2462 859 2521 venientibus
873 2461 981 2531 offert3

207 2550 258 2623 Et,
274 2553 305 2609 ni
317 2551 407 2611 docta
420 2572 521 2611 comes
539 2562 647 2613 tenues
660 2555 726 2613 sine
740 2574 866 2632 corpore
881 2555 957 2613 vites

207 2645 374 2704 Admoneat
387 2646 512 2705 rolitsre
526 2646 604 2705 cavi
617 2649 673 2707 sub
687 2648 818 2726 imagine
832 2648 945 2721 lormae,

208 2737 317 2810 lrrunt,
333 2747 363 2797 et
377 2739 488 2797 frustra
504 2740 584 2799 ferro
597 2740 767 2799 diverberet
782 2742 912 2800 umbras.

243 2832 330 2891 Hine
343 2832 402 2903 via,
417 2832 556 2891 Tartarei
571 2854 638 2909 que
652 2833 708 2891 sert
722 2834 904 2894 Acherontis
918 2832 956 2891 sd
970 2833 1087 2895 undas:
1134 2836 1194 2893 295

207 2925 359 2984 Turbidus
375 2926 425 2985 hie
438 2944 526 2987 eoeno
542 2928 685 3003 vastique
699 2926 844 3003 voragine
857 2946 971 3005 gurges

209 3021 343 3093 AEstuat,
358 3029 450 3097 atque
463 3040 579 3079 omnem
594 3022 712 3099 Cocyto
726 3031 843 3082 eructat
858 3042 990 3083 arenam.

207 3114 337 3173 Portitor
349 3115 406 3173 has
420 3114 586 3173 horrendus
599 3134 695 3192 eques
709 3124 739 3173 et
752 3115 875 3173 flumina
888 3124 989 3174 servat

207 3207 348 3267 Terribili
362 3208 502 3285 squalore
517 3208 650 3281 Charon,
666 3209 717 3267 eui
736 3209 863 3285 plurime
876 3218 976 3269 mento

207 3301 345 3363 Canities
359 3302 471 3360 inculte
487 3302 570 3377 jacet
585 3322 595 3370 ;
618 3310 697 3360 stunt
711 3302 824 3361 lumina
837 3300 957 3361 flammi
972 3321 980 3371 ;
1135 3303 1195 3361 ³oe

185 3442 192 3454 .
208 3395 350 3453 Sordidus
364 3414 401 3453 ex
414 3396 546 3453 humeris
559 3396 636 3455 nodo
650 3396 797 3473 dependet
813 3396 947 3455 amictus.

208 3486 275 3565 lpse
289 3498 384 3546 ratem
398 3497 486 3548 conto
500 3489 622 3566 subigit,
637 3489 772 3564 velisque
785 3489 942 3561 ministret,

206 3580 245 3639 Et
261 3580 434 3659 ferruginei
447 3583 604 3639 subvectat
617 3601 745 3659 corpora
758 3580 868 3659 cymbi
881 3600 889 3649 ;

205 3673 276 3732 Jam
290 3675 400 3746 senior,
416 3675 469 3733 sed
483 3675 576 3734 cruda
590 3674 647 3733 deo
660 3675 822 3751 viridisque
837 3684 987 3733 senectus.

205 3765 279 3825 Huc
293 3768 388 3825 omnis
401 3768 491 3825 turba
504 3768 542 3825 ad
562 3768 643 3846 ripas
656 3769 754 3827 effusa
767 3770 872 3826 ruebat
889 3786 896 3825 :
1134 3766 1194 3825 ³06

205 3858 321 3919 Matres
335 3870 425 3937 atque
439 3862 505 3933 viri,
521 3861 721 3937 defunctaque
737 3881 864 3939 corpora
876 3859 939 3919 vitri

205 3951 431 4032 Magnanimirm
448 3955 583 4026 heroum,
599 3956 901 4032 pueri,>innuptoeque
916 3952 1033 4031 puellm,

207 4044 398 4124 impositique
412 4048 495 4126 rogis
511 4049 639 4125 juvenes
654 4058 723 4107 ante
737 4068 792 4107 ora
805 4044 960 4125 parentium
976 4066 983 4105 ε

205 4138 306 4206 Quum
319 4142 413 4199 multa
426 4142 457 4199 in
470 4143 554 4201 silvis
567 4143 701 4202 autumni
718 4142 829 4220 frigore
844 4142 937 4219 primo

204 4230 306 4311 ansa
320 4234 432 4294 cadunt
447 4236 519 4295 solia
535 4255 542 4307 ;
566 4249 617 4295 aut
631 4237 669 4295 sd
682 4244 795 4295 terram
808 4236 927 4314 gurgite
942 4236 980 4293 ab
994 4234 1055 4295 alto
1133 4236 1193 4295 310

205 4323 307 4392 Quam
318 4330 419 4389 multae
433 4332 638 4411 glomerantur
651 4350 734 4403 ares,
750 4330 800 4388 ubi
815 4329 941 4409 frigidus
954 4348 1049 4389 annus
