3167 5234
368 520 429 580 200
656 516 683 563 P.
705 514 872 562 VlRGILll
890 515 1062 563 Mahoms

368 655 506 714 Tandem
520 655 663 733 corripuit
676 673 755 724 sese,
772 660 863 732 atque
877 654 997 717 inimica
1010 653 1121 731 refugit

369 750 405 808 ln
418 770 524 808 nemus
539 748 742 819 umbriferum,
760 750 871 825 conjux
884 749 935 807 uhi
949 748 1091 825 pristinus
1105 748 1148 805 illi

368 842 543 920 Respondet
556 842 648 913 curis,
663 850 824 918 aequatque
839 843 983 919 Sychaeus
998 858 1137 899 amorem.

367 934 436 995 Nec
449 936 546 994 minhs
559 936 690 1007 AEneas,
706 954 778 993 casu
794 954 955 1013 percussus
968 936 1080 1011 iniquo,
1297 938 1355 997 475

367 1029 565 1106 Prosequitur
577 1030 748 1105 lacrymans
761 1028 862 1107 longe,
876 1038 906 1086 et
920 1029 1079 1087 miseratur
1092 1035 1222 1087 euntem.

407 1122 480 1181 Inde
494 1124 596 1181 datum
609 1123 728 1181 molitur
740 1123 798 1181 iter
811 1141 818 1179 :
836 1123 960 1199 jamque
973 1140 1047 1179 arva
1060 1122 1202 1179 tenebant

366 1213 488 1288 Ultima,
506 1236 573 1293 quae
587 1217 666 1273 bello
680 1216 756 1274 clari
768 1224 889 1275 secreta
901 1216 1102 1291 frequentant.

366 1308 429 1367 Hic
444 1309 484 1366 illi
498 1310 629 1367 occurrit
643 1308 777 1386 Tydeus,
794 1308 844 1367 hic
858 1309 987 1385 inclytus
1002 1308 1092 1366 ermis

365 1399 611 1479 Parthenopaeus,
627 1410 657 1460 et
673 1403 795 1460 Adrasti
810 1402 946 1479 pallentis
961 1402 1067 1479 imago.
1293 1405 1352 1463 400

365 1494 429 1554 Hic
442 1497 565 1555 multum
579 1496 641 1554 fleti
655 1496 693 1554 ad
706 1515 843 1573 superos,
859 1496 997 1572 belloque
1012 1494 1130 1566 caduci,

364 1588 568 1658 Dardanidae;
593 1608 668 1666 quos
682 1590 732 1647 ille
746 1608 849 1647 omnes
863 1588 953 1666 longo
967 1588 1070 1647 ordine
1085 1606 1224 1661 cernens,

365 1682 525 1760 Ingemuit,
541 1684 763 1758 Glaucumque,
778 1682 993 1758 Medontaque,
1009 1682 1309 1761 Thersilochumque,

363 1775 443 1834 Tres
456 1774 669 1848 Antenoridas,
686 1776 853 1853 Cererique
868 1794 986 1835 sacrum
999 1775 1207 1851 Polyphoeten,

364 1868 550 1949 Idaeumque,
566 1872 656 1930 etiam
669 1892 787 1943 currus,
804 1872 894 1930 etiam
907 1890 991 1931 arma
1003 1878 1162 1931 tenentem.
1291 1874 1351 1933 486

365 1964 569 2025 Circumstant
583 1965 689 2025 animm
702 1963 809 2024 dertrd
822 1964 958 2042 laevique
973 1965 1156 2041 frequentes.

364 2056 397 2117 N
398 2078 434 2117 ec
448 2060 557 2117 vidisse
571 2060 664 2117 semel
676 2060 751 2119 satis
764 2068 810 2118 est
824 2078 831 2117 :
849 2060 934 2135 juvat
949 2078 1044 2135 usque
1056 2058 1177 2131 morari,

362 2152 404 2210 Et
418 2153 557 2211 conferre
568 2153 705 2232 gradum,
721 2162 752 2211 et
765 2153 904 2212 veniendi
918 2152 1035 2211 discere
1049 2172 1169 2213 causas.

362 2246 403 2303 At
416 2243 557 2303 Denarirn
571 2266 721 2324 proceres,
737 2246 1042 2324 Agamemnoniaeqne
1058 2246 1232 2324 phalanges,

361 2336 402 2397 Ut
416 2337 518 2399 vidire
533 2341 638 2411 virum,
655 2340 859 2418 fulgentiaque
874 2358 956 2397 arma
970 2358 1023 2417 per
1037 2340 1167 2411 umbras,
1288 2342 1349 2399 400

362 2430 482 2511 Ingenti
495 2433 646 2511 trepidare
659 2443 740 2492 metu
753 2452 760 2490 τ
783 2445 853 2510 pars
864 2440 981 2493 vertere
995 2440 1092 2511 terga,

363 2524 430 2585 Ceu
445 2527 594 2603 quondam
608 2526 721 2605 petiere
734 2535 817 2586 rates
832 2545 840 2583 ε
862 2546 932 2604 pars
945 2526 1050 2585 tollere
1065 2544 1169 2585 vocem

360 2619 511 2697 Exiguam
525 2640 532 2688 ς
556 2621 693 2698 inceptus
705 2621 820 2678 clamor
833 2620 991 2679 frustratur
1005 2620 1131 2679 hiantes.

400 2712 502 2789 Atque
516 2713 565 2772 hic
578 2714 749 2773 Priamiden
762 2714 904 2773 laniatum
918 2732 1043 2791 corpora
1057 2720 1119 2773 toto

360 2804 551 2884 Deiphobum
564 2808 645 2879 uidit,
660 2808 794 2866 lacerum
807 2807 967 2866 crudeliter
986 2826 1049 2879 ora,
1287 2810 1347 2867 405

360 2899 433 2970 Ora,
449 2920 615 2977 manusque
629 2903 744 2971 ambas,
760 2900 961 2977 populataque
974 2908 1110 2977 tempora
1121 2898 1215 2978 raptis

360 2993 502 3064 Auribus,
519 3002 549 3051 et
562 3002 686 3052 truncas
699 2994 856 3052 inhonesto
869 2994 992 3053 vulnere
1008 3013 1105 3053 nares.

359 3084 420 3143 Vix
434 3085 510 3143 aded
525 3086 646 3164 ognovit
661 3086 851 3164 pavitantem,
868 3093 897 3144 et
911 3086 976 3144 dira
989 3094 1141 3164 tegentem

360 3179 513 3256 Supplicia
528 3199 535 3248 ;
559 3187 589 3238 et
602 3179 679 3237 notis
692 3180 850 3256 compellat
864 3180 988 3238 uocibus
1002 3181 1097 3239 ultro:

358 3270 517 3348 Deiphobe
531 3274 721 3350 armipotens,
738 3291 834 3350 genus
848 3273 907 3331 alto
922 3292 941 3329 a
954 3273 1099 3350 sanguine
1119 3270 1244 3347 Teucri,
1284 3275 1346 3333 500

280 3392 284 3401 ·
359 3363 438 3432 Quis
451 3375 513 3424 tam
524 3366 664 3424 crudeles
677 3366 788 3443 optavit
803 3384 920 3425 sumere
936 3385 1040 3443 poenas
1056 3365 1067 3422 l

359 3457 420 3517 Cui
432 3459 546 3519 tantiam
560 3458 598 3516 de
611 3467 642 3516 te
655 3460 738 3519 licuit
751 3458 761 3515 ἓ
804 3458 883 3519 Mihi
898 3459 977 3517 fama
990 3457 1131 3536 supremi

357 3551 387 3610 N
388 3560 455 3611 octe
468 3553 544 3623 tulit,
562 3552 673 3611 fessum
686 3550 774 3610 vasti
785 3562 816 3611 te
831 3552 914 3611 crede
927 3549 1090 3630 Pelasgilm

355 3644 557 3705 Procubuisse
571 3664 663 3723 super
675 3645 808 3705 confusae
821 3645 931 3723 stragia
945 3664 1095 3706 acervum.

355 3738 445 3797 Tunc
458 3747 578 3818 egomet
590 3739 735 3799 tumulum
747 3739 879 3797 Rhoeteo
893 3739 923 3798 in
937 3740 1036 3799 littore
1048 3740 1167 3799 inanem
1283 3742 1343 3801 505

356 3830 517 3903 Constitui,
533 3841 563 3892 et
576 3831 687 3911 magnai
698 3832 807 3891 Manes
821 3842 868 3891 ter
880 3853 955 3892 voce
968 3835 1085 3893 vocavi.

355 3924 472 3983 Nomen
487 3935 516 3984 et
531 3946 613 3985 arma
628 3928 727 3986 locum
740 3934 870 3987 servant.
912 3927 970 3999 Te,
987 3928 1093 3999 amice,
1109 3927 1231 4005 nequivi

355 4016 552 4096 conspicere,
566 4027 596 4077 et
610 4019 708 4098 patriai
721 4019 871 4080 decedens
885 4040 995 4097 ponere
1009 4020 1101 4081 terri..

353 4109 403 4170 Ad
418 4130 485 4187 qum
498 4112 684 4172 Priamides:
706 4115 790 4174 Nihil
804 4135 822 4173 o
835 4114 899 4186 tibi,
916 4115 1022 4185 amice,
1037 4114 1175 4175 relictum
1188 4132 1197 4185 ς

353 4202 462 4261 Omnia
474 4204 634 4283 Deiphobo
647 4207 761 4266 solvisti
773 4216 804 4265 et
818 4208 931 4267 funeris
948 4208 1070 4269 umbris.
1279 4208 1341 4268 510

353 4295 413 4354 Sed
426 4315 474 4355 me
488 4296 550 4354 fate
564 4318 632 4357 mea
643 4308 675 4359 et
687 4301 788 4359 scelus
802 4300 921 4359 exitiale
935 4300 1077 4361 Lucanae
