3167 5234
519 549 693 598 AENEIDOS
713 551 782 598 LlB.
797 551 861 599 111.

192 689 254 752 Olli
268 690 421 762 sublimes,
439 689 530 748 armis
546 688 712 768 animisque
726 690 844 764 reiecti,

191 785 256 846 Hic
270 785 372 866 gladio
385 783 492 856 fideus,
508 784 558 842 hie
572 794 689 844 areret
703 784 816 844 arduus
829 783 928 858 1111111,

192 880 350 942 Adsistunt
363 877 481 950 contri,
498 879 662 938 certamine
675 879 784 939 Mortis
798 881 908 940 anheli.
1130 881 1190 940 ’190

229 975 252 1036 J
253 993 383 1035 unouem
396 974 513 1033 intereo
526 974 596 1034 Rex
609 973 821 1052 omnipotentis
833 974 954 1053 Olympi

192 1070 375 1148 Alloquitur,
391 1067 475 1128 fulvi
489 1087 606 1146 pugnas
620 1068 657 1128 de
671 1070 751 1128 nube
764 1077 907 1130 tuentem.

192 1163 271 1232 Qum
281 1163 346 1240 jam
360 1162 427 1222 linis
441 1161 509 1233 erit,
525 1163 635 1240 conjux
650 1163 660 1220 i
682 1163 753 1241 quid
767 1162 897 1240 deniqne
910 1169 1004 1222 restat
1018 1163 1029 1221 i
1091 1167 1097 1182 ¹

192 1257 362 1337 Indigetem
375 1255 501 1316 AElneun
515 1257 576 1315 sois
590 1257 666 1335 ipsa,
684 1266 714 1316 et
728 1258 808 1316 scire
822 1257 937 1331 interis,
1073 1247 1082 1258 ’

191 1351 308 1412 Deberi
322 1349 412 1422 coelo,
429 1349 559 1428 fatisque
574 1352 611 1410 ad
626 1352 727 1411 sidere
740 1352 814 1411 tolli.
1128 1351 1188 1410 ’186

192 1448 274 1517 Quid
288 1445 405 1506 struis?
427 1455 477 1506 aut
492 1446 554 1524 qud
567 1467 620 1526 spe
633 1449 740 1527 gelidis
755 1449 785 1507 in
798 1448 929 1507 nubibus
942 1447 1041 1508 lrnrres
1055 1447 1067 1504 i

190 1541 347 1602 Mortalin’
362 1541 463 1601 decuit
477 1542 584 1600 violari
598 1542 723 1608 vulnere
741 1542 843 1600 divum
857 1541 868 1598 ?

190 1637 252 1698 Aut
266 1654 369 1695 ensem
384 1633 471 1715 (quid
485 1636 564 1695 enim
577 1635 642 1694 sine
656 1644 686 1694 te
699 1634 720 1695 J
722 1643 832 1694 utuma
845 1635 960 1693 valeret
975 1635 1003 1712 i)

189 1731 337 1810 Ereptum
350 1732 436 1792 reddi
449 1731 564 1803 Turno,
582 1740 612 1790 et
625 1732 684 1790 vim
698 1749 840 1790 crescere
854 1731 941 1790 victis
955 1731 967 1788 ἓ

189 1825 307 1884 Desine
317 1825 378 1903 jam
391 1826 524 1898 tandem,
540 1826 739 1903 precibusque
755 1825 910 1884 inflectere
924 1824 1055 1896 nostrie3
1071 1832 1074 1841 “
1127 1826 1187 1884 800

189 1920 258 1980 Nec
272 1928 302 1980 te
316 1929 417 1980 tentus
432 1920 501 1980 edat
514 1920 636 1978 tacitam
650 1919 735 1978 dolor
748 1939 757 1990 ;
781 1919 897 1978 etmihi
911 1939 995 1980 curer

190 2014 277 2094 sapt
292 2023 345 2074 tuo
358 2014 440 2073 dulci
453 2015 555 2072 tristes
569 2033 607 2072 ex
622 2033 675 2072 ore
689 2022 857 2074 recursent.

188 2107 322 2169 Ventum
335 2108 373 2168 ad
387 2127 558 2187 supremum
572 2116 627 2168 est.
669 2108 775 2168 Terris
791 2108 918 2187 agitare,
934 2109 982 2168 vel
997 2107 1095 2180 undis,

188 2203 339 2280 Trojanoe
354 2204 484 2283 potuisti,
501 2202 653 2262 infandum
666 2204 835 2263 accendere
849 2204 971 2276 bellum,

188 2297 370 2357 Deformare
385 2298 515 2370 domum,
533 2306 563 2356 et
576 2297 659 2358 luctu
674 2298 802 2356 miscere
816 2297 1011 2375 hymeneos:
1126 2299 1185 2358 805

189 2391 324 2453 Ulterius
337 2401 453 2454 tentare
468 2402 546 2453 veto.
590 2394 641 2452 Sic
653 2393 775 2471 Jupiter
788 2413 875 2452 orsus
890 2412 898 2451 :

189 2487 240 2547 Sic
255 2487 312 2546 dea
326 2488 474 2548 submisso
488 2486 593 2548 contri
608 2488 751 2548 Saturnia
764 2488 847 2546 vultu
864 2506 872 2545 :

188 2580 252 2660 lstp
267 2582 385 2660 quidem
401 2583 473 2660 quia
485 2591 556 2642 nota
574 2581 646 2640 milri
659 2589 722 2655 tue,
739 2601 858 2661 magne,
875 2581 1023 2655 voluntas,

187 2676 318 2755 Jupiter,
334 2684 363 2735 et
377 2675 514 2736 Turnum
529 2687 558 2735 et
572 2686 671 2736 terres
685 2677 778 2735 invite
792 2676 910 2752 reliqui.

186 2769 217 2828 N
219 2787 255 2829 ec
269 2777 302 2828 tu
316 2789 363 2829 me
378 2769 462 2832 aerii
476 2771 570 2830 solam
584 2789 664 2829 nunc
678 2770 750 2830 sede
765 2769 884 2829 videres
1125 2773 1185 2831 810

187 2861 291 2942 Digne
305 2863 427 2944 indigna
442 2867 502 2944 pati
517 2885 525 2936 ;
548 2864 602 2923 scd
616 2863 743 2924 flammis
757 2865 858 2923 cincta
871 2866 928 2923 sub
942 2864 1038 2944 ipsam

189 2957 306 3017 Starem
321 2959 428 3031 aciem,
444 2960 654 3033 traheremque
669 2959 791 3018 inimica
804 2959 835 3017 in
847 2959 956 3036 proelia
969 2958 1117 3020 Teucros.

186 3051 349 3112 Juturnam
363 3053 485 3126 misero,
502 3054 608 3124 fateor,
625 3071 806 3112 succurrere
820 3053 906 3111 fratri

188 3147 287 3219 Suasi,
303 3155 333 3206 et
347 3167 400 3225 pro
415 3146 477 3206 vita
490 3147 605 3224 majora
620 3147 732 3206 audere
748 3148 895 3225 probavi3

187 3239 217 3300 N
219 3261 257 3300 on
273 3249 304 3300 ut
317 3242 377 3300 tels
391 3249 502 3313 tamen,
518 3261 577 3300 non
592 3255 624 3300 ut
639 3241 835 3300 contenderet
849 3260 953 3301 arcum
968 3261 976 3313 3
1123 3243 1184 3302 816

187 3335 303 3413 Adjuro
318 3335 415 3414 Stygii
427 3345 518 3414 caput
533 3337 722 3414 implacabile
736 3336 837 3408 sontis,

187 3429 255 3490 Una
270 3430 441 3508 superstitio
455 3431 572 3507 superis
588 3451 654 3507 quer
668 3429 786 3488 reddita
800 3430 886 3490 divis.

31 3557 32 3574 1
73 3601 79 3612 ,
187 3523 227 3582 Et
241 3544 322 3583 nunc
336 3524 411 3583 cedo
426 3524 575 3600 equidem,
594 3543 770 3602 pugnasque
784 3542 878 3583 exosa
890 3522 1036 3602 relinquo.

187 3616 264 3676 lllud
276 3626 317 3689 te,
333 3615 483 3677 11111Ιᾶ11111
498 3618 577 3694 quod
591 3619 660 3696 lege
674 3627 804 3691 tenetur,

125 3780 130 3786 ‚
185 3710 246 3771 Pro
260 3710 349 3770 Latio
362 3714 505 3784 obtestor,
523 3732 576 3790 pro
590 3712 748 3788 majestate
761 3721 901 3770 tuorum:
1123 3715 1182 3773 880

187 3805 289 3874 Quum
299 3805 362 3883 jam
377 3807 534 3866 connubiis
548 3827 653 3885 pacem
667 3807 816 3879 felicibus,
832 3815 908 3879 esto,

187 3897 386 3977 component,
404 3921 495 3978 quum
505 3903 568 3979 jam
582 3901 667 3980 leges
682 3909 710 3958 ct
726 3901 843 3960 foedera
851 3901 980 3981 jungent
996 3919 1004 3972 3

186 3994 235 4054 Ne
250 4004 336 4055 vetus
350 3997 507 4076 indigenas
522 4016 631 4056 nomen
645 4005 761 4056 mutare
777 3997 903 4056 Latinos
916 4017 924 4068 ;

187 4089 256 4149 Neu
270 4091 370 4150 Troas
383 4093 449 4151 fieri
459 4092 580 4170 jubeas,
596 4092 793 4168 Teucrosque
808 4092 921 4164 vocari,

187 4183 248 4242 Aut
262 4204 367 4244 vocem
381 4195 497 4245 mutare
511 4186 602 4258 viros,
620 4195 670 4245 aut
687 4193 807 4245 vertere
820 4193 931 4247 vestes.
1122 4190 1180 4249 886

188 4277 231 4337 Sit
244 4277 377 4353 Latium,
393 4281 452 4340 sint
465 4281 577 4340 Albeni
590 4299 645 4358 per
658 4282 771 4340 saecula
784 4299 876 4360 reges
890 4300 899 4351 ;
1087 4280 1090 4285 ’

383 4377 422 4432 29
859 4393 903 4444 ee
