3167 5234
382 524 438 601 ωδ
663 529 880 581 P.vtRG11.11
904 526 1078 577 unnorus

378 675 479 736 Trans
493 681 615 754 pontum
628 672 724 751 fugat,
739 680 769 729 et
782 670 872 729 terris
885 668 1013 729 immittit
1031 664 1151 745 apricis.

379 772 504 830 Stabant
518 777 639 827 orantes
652 766 738 844 primi
751 765 953 825 transmittere
973 780 1105 833 cursum,

378 864 618 940 Tendebantque
632 880 750 931 manus,
765 860 838 936 ripoe
853 856 1002 917 ulterioris
1019 873 1131 913 amore.

378 959 492 1019 Navita
505 957 558 1017 sed
572 956 664 1015 tristis
678 973 758 1013 nunc
770 954 836 1025 bos,
853 972 932 1011 nunc
947 950 1055 1028 accipit
1076 948 1142 1007 illos
1155 966 1164 1019 ;
1311 950 1371 1007 315

379 1055 436 1113 Ast
450 1054 526 1111 alios
538 1051 627 1130 longe
642 1051 796 1109 submotos
810 1057 894 1107 arcet
911 1044 1014 1105 areni.

377 1148 510 1219 AEneas,
526 1146 651 1205 miratus
664 1143 754 1214 euim,
770 1151 928 1219 motusque
942 1140 1080 1211 tumultu,

378 1241 450 1315 Dic,
467 1242 519 1313 ait,
536 1261 554 1299 ο
568 1240 665 1318 virgo,
681 1238 752 1315 quid
766 1238 829 1297 vult
843 1256 1010 1298 concursus
1024 1234 1062 1292 ad
1077 1231 1220 1291 amnem?

379 1335 500 1404 Quidve
514 1342 617 1413 petunt
630 1333 738 1391 animas
752 1332 763 1389 ἓ
784 1331 833 1391 vel
849 1350 907 1407 quo
920 1328 1091 1387 discrimine
1104 1326 1187 1404 ripas

378 1426 439 1488 Hae
453 1428 601 1505 linquunt,
617 1427 676 1486 illae
690 1425 782 1485 remis
795 1424 873 1485 vada
886 1422 978 1481 livida
991 1420 1139 1481 verrunt?
1310 1420 1370 1478 820

378 1521 438 1581 Olli
453 1523 497 1581 sic
511 1522 643 1581 breviter
657 1520 719 1578 sata
732 1530 778 1578 est
791 1520 931 1597 longaeva
945 1516 1108 1576 sacerdes:

377 1614 515 1675 Anchisia
527 1623 684 1695 generate,
699 1610 788 1671 deum
802 1612 970 1672 certissima
984 1610 1093 1688 proles,

379 1708 490 1786 Cocyti
504 1717 613 1786 stagna
626 1708 688 1765 alta
701 1705 795 1777 vides,
813 1705 1007 1784 Stygiamque
1022 1701 1171 1781 paludem,

378 1800 423 1863 Di
436 1803 523 1878 cujus
539 1802 643 1878 jurare
657 1801 762 1859 timent
778 1809 808 1858 et
822 1799 926 1859 fallere
940 1817 1060 1857 numen.

379 1895 458 1955 Haec
473 1896 579 1968 omnis,
593 1914 682 1972 quam
692 1894 803 1966 cernis,
817 1896 901 1972 inops
913 1894 1126 1969 inhumataque
1138 1891 1228 1951 turba
1237 1897 1295 1951 est:
1310 1890 1370 1949 ³25

378 1989 510 2049 Portitor
523 1989 585 2062 ille,
602 1990 746 2049 Charon:
769 1989 810 2062 bi,
827 2008 902 2067 quos
917 1988 997 2047 vehit
1011 1987 1101 2059 unda,
1118 1985 1235 2065 sepulti.

378 2084 447 2144 Nec
460 2085 541 2162 ripas
554 2083 643 2143 datur
656 2083 822 2143 horrendas
836 2092 866 2142 et
878 2102 974 2141 rauca
987 2080 1100 2139 fluenta

378 2178 599 2256 Transportare
615 2179 707 2257 priirs,
724 2179 815 2255 quim
829 2177 950 2236 sedibus
965 2196 1035 2235 ossa
1050 2172 1197 2252 quierunt.

379 2271 510 2332 Centum
523 2280 625 2331 emant
639 2291 743 2344 annos,
760 2272 943 2347 volitantque
958 2270 1024 2328 baec
1037 2269 1139 2327 littora
1151 2267 1265 2327 circum
1278 2286 1288 2340 ;

379 2364 457 2423 Tum
471 2365 589 2425 demum
603 2364 725 2424 admissi
738 2373 848 2443 stagna
861 2372 1001 2443 exoptata
1015 2362 1158 2421 revisunt.
1309 2362 1369 2420 330

379 2458 521 2519 Constitit
534 2457 672 2517 Anchisa
684 2467 778 2530 satus,
796 2467 825 2518 et
840 2458 968 2535 vestigia
982 2456 1101 2535 pressit,

378 2551 481 2612 Multa
494 2561 612 2631 putans,
628 2561 800 2629 sortemque
815 2552 914 2611 animo
928 2552 1087 2609 miseratus
1100 2550 1241 2627 iniquam.

378 2644 485 2705 Cernit
498 2647 540 2705 ibi
554 2656 686 2719 maestos,
704 2655 734 2705 et
747 2646 851 2705 mortis
865 2647 978 2704 honore
992 2652 1141 2717 carentes,

376 2738 568 2818 Leucaspim,
584 2749 615 2798 et
627 2740 733 2817 Lyciae
747 2740 903 2799 ductorem
916 2739 1023 2798 classis
1036 2738 1180 2797 Orontem
1193 2755 1202 2807 ;

378 2832 465 2902 Quos
478 2835 576 2905 simul,
591 2853 611 2892 a
624 2833 719 2911 Trojd
732 2843 858 2894 ventosa
872 2854 926 2912 per
940 2852 1062 2910 aequora
1075 2841 1189 2905 vectos,

378 2926 486 2986 Obruit
500 2929 623 2999 Auster,
640 2928 721 3005 aquai
734 2930 888 2989 involvens
902 2946 1070 3004 navemque
1084 2927 1235 3003 virosque.

416 3021 501 3079 Ecce
515 3022 698 3099 gubernator
711 3042 779 3081 sese
793 3023 955 3082 Palinurus
974 3023 1094 3100 egebat,

378 3114 441 3182 Qui
454 3114 571 3192 Libyco
586 3135 680 3193 nuper
694 3136 797 3189 cursu,
815 3116 884 3175 dum
898 3117 998 3176 sidera
1012 3124 1121 3188 servat,

375 3208 541 3268 Exciderat
555 3209 655 3287 puppi,
671 3210 776 3269 mediis
789 3210 904 3269 effusus
918 3212 948 3270 in
962 3210 1058 3269 undis.

375 3301 470 3363 Hunc
483 3304 536 3362 ubi
549 3304 598 3363 vix
611 3304 706 3363 multi
718 3317 858 3365 moestum
872 3306 1011 3384 cognovit
1027 3306 1056 3363 in
1071 3302 1187 3377 umbris,

376 3397 427 3455 Sic
441 3398 521 3474 prior
535 3397 713 3475 alloquitur:
737 3398 816 3466 Quis
829 3408 870 3471 te,
885 3398 1039 3470 Palinure,
1056 3398 1181 3457 deorum

374 3490 495 3569 Eripuit
507 3492 603 3563 nobis,
619 3494 777 3569 medioque
791 3496 847 3552 sub
863 3513 983 3570 oequore
1002 3492 1129 3552 mersit?

373 3583 435 3643 Dic
449 3605 517 3664 age.
558 3586 709 3663 Namque,
726 3588 798 3645 mibi
812 3588 904 3645 fallax
917 3587 996 3646 baud
1010 3586 1080 3646 ante
1095 3593 1242 3664 repertus,

374 3677 446 3737 Hoc
460 3700 519 3738 uno
533 3700 677 3758 responso
691 3680 822 3739 animum
836 3679 944 3739 delusit
957 3681 1065 3758 Apollo
1079 3700 1087 3751 3

375 3771 437 3840 Qui
451 3772 514 3831 soro
527 3783 558 3831 te
573 3783 663 3851 ponto
676 3774 867 3846 incolumem,
884 3774 1020 3851 finesque
1034 3776 1164 3833 canebat

374 3863 542 3925 Venturum
555 3868 727 3927 Ausonios:
750 3887 787 3927 en
802 3869 868 3927 haec
883 3868 1028 3946 promissa
1042 3867 1117 3926 fides
1137 3875 1182 3927 est
1197 3866 1209 3925 l

374 3956 430 4015 Ille
445 3968 563 4017 autem:
584 3960 693 4038 Neque
708 3970 738 4020 te
751 3962 861 4021 Pboebi
875 3962 991 4021 cortina
1005 3962 1120 4033 setsllit,

373 4049 445 4109 Dux
458 4054 652 4126 Anchisiade,
669 4074 727 4113 nec
740 4075 788 4113 me
803 4056 877 4115 deus
892 4074 1013 4132 aequore
1028 4056 1141 4115 mersit.

372 4143 514 4219 Namque
526 4148 744 4224 gubernaclum
759 4148 854 4209 multi
867 4150 896 4208 vi
911 4150 986 4208 forte
1001 4150 1165 4222 revulsum,

374 4235 435 4296 coi
449 4237 536 4297 datus
549 4240 700 4300 haerebam
714 4252 827 4315 custos,
843 4262 1011 4320 cursusque
1031 4245 1186 4321 regebam,

371 4330 568 4411 Praecipitatus
580 4336 659 4393 traxi
672 4355 799 4397 mecum.
842 4336 943 4396 Maria
957 4358 1066 4417 aspera
1082 4339 1164 4415 juro,
