3167 5234
560 552 739 602 AENElDOS
758 554 830 603 utu.
844 556 892 603 vt

229 700 272 760 m
283 697 380 773 Pater
392 694 579 774 omnipotens
591 694 687 753 densa
700 694 778 753 inter
790 694 895 753 nubila
906 694 999 756 telum

231 792 386 855 Contorsit
400 811 408 861 3
432 810 491 849 non
505 790 556 849 ille
570 790 665 863 laces,
680 808 739 848 nec
752 790 853 849 lumea
865 790 951 851 tedis

228 886 359 946 Lumina
371 904 381 956 3
404 885 649 964 praecipitemque
661 884 783 943 immmi
796 884 914 943 turbine
929 884 1039 963 adegit.

227 980 296 1040 Nec
310 1000 371 1040 non
384 989 415 1039 et
428 980 551 1057 Tityon,
565 980 673 1037 Terrae
686 978 900 1056 omniparentis
914 980 1076 1052 alumnum,

229 1074 367 1135 Cernere
382 1080 447 1133 eret
460 1093 469 1144 3
493 1092 548 1151 per
560 1080 623 1132 tota
636 1092 742 1133 novem
762 1074 811 1132 cui
829 1073 939 1151 jugera
953 1093 1063 1153 corpus

226 1166 397 1248 Porrigitur
409 1188 417 1239 3
441 1177 600 1245 rostroque
614 1168 751 1226 immanis
765 1168 865 1227 vultur
878 1168 998 1227 obunco

228 1262 398 1322 immortale
416 1264 505 1340 jecur
517 1262 656 1334 tondens,
672 1261 873 1339 fmcundaque
888 1262 986 1339 pmuis

226 1356 367 1429 Viscera,
383 1357 569 1433 rimaturque
583 1357 691 1434 epulis,
707 1356 883 1433 habitatque
897 1358 953 1415 suh
966 1357 1028 1417 alto

224 1448 355 1510 Pectore
367 1470 376 1521 3
399 1470 457 1510 nec
471 1451 555 1509 fibris
568 1450 691 1527 requies
705 1450 795 1509 datur
808 1451 871 1509 ulla
884 1451 1007 1512 renatis.

227 1543 310 1611 Quid
323 1564 483 1603 memorem
495 1543 652 1622 Lapithas,
669 1544 784 1616 Ixiona,
800 1544 1035 1621 Pirithoumque,

227 1638 313 1706 Quos
325 1659 417 1718 super
430 1647 497 1698 atra
510 1639 586 1697 silex
602 1640 665 1715 jem
681 1639 746 1715 jam
759 1638 880 1716 lapsura
894 1638 1075 1717 cadentique

226 1731 362 1792 Imminet
376 1734 515 1792 assimilis
530 1733 542 1790 i
581 1732 701 1791 Lucent
716 1732 885 1810 genialibus
899 1732 968 1790 altis

224 1827 328 1886 Aurea
341 1827 438 1885 lirlcra
449 1828 533 1900 toris,
548 1828 705 1905 epulaeque
720 1834 790 1897 unte
804 1844 858 1883 ora
873 1834 986 1903 paratae

223 1918 365 2000 Regifico
378 1922 470 1980 luxu:
492 1921 654 1980 Furiarum
667 1920 797 1978 maxime
813 1920 901 1995 juxtd

222 2014 373 2088 Accuhat‚
390 2024 420 2075 et
433 2016 571 2074 manibus
583 2014 719 2093 prohihet
733 2014 908 2092 contingere
923 2032 1044 2073 mensas
1058 2033 1069 2085 3

171 2089 176 2110 Ι
221 2107 427 2189 Exsurgitque
441 2110 538 2179 fecem
552 2109 701 2180 attollens,
718 2117 808 2185 atque
823 2108 936 2169 intonat
953 2128 1016 2169 ore.

198 2202 202 2207 ’
221 2200 297 2275 Hic,
315 2205 423 2281 quibus
437 2204 524 2262 invisi
538 2203 658 2274 iratres,
675 2202 745 2261 daun
759 2204 821 2261 vita
837 2206 988 2275 manebat,

220 2296 401 2357 Pulsatusve
415 2318 535 2376 parens,
552 2305 603 2355 aut
617 2297 700 2355 fraus
715 2296 826 2354 innexa
840 2296 942 2356 clienti
956 2317 964 2367 3

219 2392 282 2450 Aut
297 2392 347 2469 qui
361 2392 471 2451 divitiis
484 2393 540 2450 soli
553 2389 719 2449 incubuere
737 2391 876 2468 repertis,

219 2484 250 2544 N
252 2504 288 2544 ec
302 2494 417 2563 partem
431 2484 559 2565 posuere
573 2485 635 2543 suia
649 2504 657 2554 3
683 2504 750 2560 quae
765 2486 894 2542 maxima
906 2485 996 2543 turha
1009 2492 1055 2545 est
1071 2505 1079 2556 3

222 2578 343 2657 Quique
358 2582 396 2639 oh
411 2578 589 2639 adulterium
603 2579 685 2649 caesi,
702 2578 813 2655 quique
828 2598 914 2637 arma
927 2579 1023 2638 secuti

222 2670 327 2752 Impia,
343 2694 400 2733 nec
414 2674 500 2733 veriti
515 2673 700 2732 dominorum
714 2673 818 2733 fallere
832 2673 974 2732 dextras:

221 2765 334 2826 inclusi
347 2787 467 2846 poeuam
481 2775 668 2845 exspectant.
710 2768 759 2826 Ne
774 2786 877 2844 quaere
892 2768 998 2827 doceri

220 2860 322 2928 Quam
335 2880 464 2939 poenam,
481 2870 532 2921 aut
546 2881 613 2938 quoe
627 2860 724 2919 forins
736 2863 817 2921 viros
831 2862 988 2923 fortunave
1002 2864 1114 2924 mersit.

221 2958 332 3017 Saxum
346 2958 453 3037 ingens
467 2960 588 3017 volvunt
602 2958 663 3030 elii,
679 2958 809 3017 radiisve
823 2967 957 3019 rotarum

219 3049 358 3110 Distrioti
372 3052 522 3131 pendent:
545 3051 639 3124 sedet,
656 3052 860 3129 aeterniunque
875 3054 1001 3128 sedebit,

219 3141 326 3203 Infelix
339 3144 499 3204 Theseus:
521 3144 736 3223 Phlegyasque
750 3146 935 3205 miserrimus
949 3166 1052 3207 omnes

217 3238 378 3311 Admonet,
395 3248 425 3298 et
438 3237 551 3317 magud
563 3247 692 3298 testatur
706 3260 780 3298 voce
800 3260 854 3319 per
867 3242 988 3300 umbras
1002 3261 1009 3299 :

220 3332 373 3392 “Discite
389 3332 536 3410 justitiam
549 3334 661 3406 moniti,
678 3342 708 3393 et
721 3356 781 3393 non
795 3342 928 3395 temnere
943 3336 1062 3396 diros.”

220 3424 360 3485 Vendidit
374 3427 424 3486 hic
438 3447 512 3486 auro
527 3428 661 3505 patriam,
676 3428 887 3506 dominumque
902 3438 1052 3507 potentem

217 3517 439 3598 Imposuit,fixit
453 3522 537 3600 leges
552 3522 647 3599 pretio
662 3528 753 3599 atque
766 3524 874 3583 refixit.

217 3610 281 3671 Hic
294 3614 458 3673 thalamum
472 3614 581 3673 invasit
594 3624 672 3674 natae
687 3616 854 3694 vetitosque
868 3617 1049 3695 hymenaeos.

215 3707 293 3767 Ausi
307 3728 410 3767 omnes
424 3708 551 3767 immane
566 3710 661 3782 nel'as,
678 3730 812 3787 ausoque
827 3710 919 3790 potiti.

215 3798 297 3873 Non,
313 3802 384 3860 mihi
398 3803 425 3861 si
438 3804 548 3881 linguae
563 3813 684 3863 centum
697 3805 766 3879 sint,
781 3824 894 3881 oraque
908 3812 1039 3877 centum,

216 3892 332 3954 Ferrea
345 3916 414 3969 vox,
430 3916 534 3955 omnes
547 3898 696 3956 scelerum
710 3899 925 3976 comprendere
940 3898 1060 3972 formas,
1125 3920 1129 3933 ·

215 3987 325 4049 Omnia
338 4010 496 4069 poenarum
510 4010 689 4069 percurrere
702 3991 831 4063 nomina,
849 3993 968 4070 possim.

253 4082 334 4143 Hoec
348 4084 401 4143 ubi
414 4084 495 4144 dicta
508 4086 588 4144 dedit
601 4085 708 4145 Phoehi
723 4086 862 4165 longaeva
875 4087 1038 4146 sacerdos:

216 4177 276 4239 Sed
292 4179 356 4255 jam
370 4199 439 4259 age,
456 4202 546 4261 carpe
562 4182 649 4255 viam,
666 4190 695 4240 et
710 4191 883 4260 susceptum
898 4183 1009 4260 perfice
1023 4202 1151 4245 munus:

212 4270 441 4347 Acceleremus‚
458 4277 507 4335 ait.
551 4274 720 4354 Cyclopum
734 4275 843 4335 educta
856 4277 981 4337 caminis
1147 4280 1207 4339 tao

212 4362 332 4426 ania
344 4368 507 4447 conspicio,
524 4379 614 4449 atque
629 4368 755 4430 adverso
769 4370 884 4433 fornice
902 4378 1014 4451 portas,
