3167 5234
288 536 291 543 ’
360 558 420 617 eno
596 510 599 522 ⁸
652 556 678 602 r.
693 554 863 602 vrncmu
886 554 1061 604 usaosrs

360 692 506 771 Archippi
519 693 600 774 regis
613 693 715 766 missu,
731 694 908 755 fortissimus
921 694 1051 753 Umbro:

360 788 493 865 Vipereo
506 788 611 867 generi
624 796 654 845 et
667 789 801 865 grauiter
815 788 995 866 spirantibus
1009 786 1110 865 hydris

361 884 511 961 Spargere
526 882 578 959 qui
592 900 710 941 somnos
724 890 876 959 cantuque
889 900 1038 958 manuque
1053 882 1177 954 solebat,

359 972 574 1051 Mulcebatque
589 975 661 1046 iras,
675 983 705 1032 et
717 993 834 1033 morsus
850 984 913 1033 arte
927 976 1055 1034 levabat.
1186 1026 1188 1032 .
1287 980 1347 1039 ⁷65

361 1067 421 1125 Sed
434 1088 494 1127 nou
506 1067 670 1126 Dardaniae
684 1068 827 1127 medicari
841 1069 972 1146 cuspidis
986 1070 1077 1127 ictum

359 1160 481 1219 Evaluit
494 1180 502 1231 ;
527 1181 624 1237 neque
639 1180 707 1219 eum
716 1159 824 1237 juvere
838 1162 868 1219 iu
882 1162 1007 1221 vulnere
1021 1171 1128 1222 cantus

234 1306 237 1311 .
359 1254 527 1326 Somniferi,
544 1263 574 1312 et
588 1254 698 1313 Marsis
713 1256 846 1331 quaesitae
860 1257 1008 1315 montibus
1021 1258 1131 1316 herbae.

358 1343 405 1405 Te
419 1366 524 1405 nemus
537 1348 698 1425 Anguitire,
715 1347 812 1407 vitrei
824 1358 853 1407 te
867 1349 1002 1408 Fucinus
1017 1349 1106 1422 undis,

356 1440 404 1503 Te
417 1443 522 1520 liquidi
534 1444 645 1504 flevere
658 1446 753 1503 lacus.
981 1508 984 1529 Ι
1284 1450 1343 1506 760

397 1536 464 1595 Ibat
478 1546 508 1596 et
522 1538 678 1616 Hippolyti
692 1539 791 1616 proles
805 1539 1004 1615 pulcherrima
1017 1540 1095 1598 bello

356 1630 481 1689 Virbius
494 1650 502 1701 ;
527 1632 674 1709 insignem
688 1650 775 1708 quem
789 1640 884 1689 mater
897 1632 1001 1691 Aricia
1015 1633 1104 1705 misit,

356 1726 508 1785 Eductum
521 1726 642 1804 Egeriae
655 1727 742 1798 lucis,
758 1727 911 1785 humentia
924 1728 1036 1785 circum

355 1817 482 1891 Littora,
500 1818 617 1897 pinguis
632 1820 683 1876 ubi
693 1827 726 1877 et
741 1820 895 1896 placabilis
910 1839 963 1877 ara
977 1820 1095 1880 Dianae.

355 1911 387 1970 N
389 1931 496 1988 nmque
510 1913 609 1971 ferunt
623 1912 703 1971 sami
716 1911 922 1990 Hippolytum,
939 1922 1094 1990 postquam
1108 1922 1171 1973 arte
1185 1934 1322 1976 novercae

356 2004 520 2077 Occiderit,
537 2006 707 2083 patriasque
722 2005 846 2083 explerit
861 2008 1007 2084 sanguine
1022 2028 1126 2085 poenss
1282 2012 1338 2067 '166

355 2100 499 2159 Turbatis
513 2100 672 2158 distractus
685 2103 781 2177 equis,
798 2101 836 2159 ad
850 2102 949 2161 sidera
962 2122 1067 2161 rursus

355 2193 499 2251 AEtheria
511 2201 541 2251 et
555 2212 681 2270 superas
695 2195 764 2253 coeli
779 2194 897 2253 venisse
912 2198 966 2254 sub
985 2216 1083 2268 suras,

354 2284 486 2344 Paeoniis
499 2294 672 2344 revocatum
686 2286 786 2345 herbis
800 2296 829 2345 et
844 2307 943 2345 amore
957 2288 1078 2348 Dianae.

355 2379 435 2436 Tum
447 2379 540 2438 Pater
553 2379 747 2456 omnipotens,
765 2380 895 2456 aliquem
908 2382 1078 2459 indignatus
1092 2383 1131 2440 ab
1145 2382 1256 2442 umbris
1280 2384 1339 2441 tto

355 2470 515 2529 Mortalem
528 2471 651 2530 infernis
665 2472 702 2529 ad
717 2472 830 2530 lumina
843 2492 968 2551 surgere
983 2474 1061 2546 vites,

355 2563 425 2641 lpse
438 2574 623 2641 repertorem
635 2564 789 2624 medicinae
803 2568 870 2624 talis
885 2575 914 2624 et
928 2568 1000 2625 artis

354 2656 493 2715 Fulmine
506 2658 723 2734 Phoebigenam
738 2660 858 2737 Stygias
873 2659 996 2719 detrusit
1011 2662 1049 2718 ad
1063 2661 1167 2721 undas.

355 2748 397 2809 At
411 2750 516 2808 Trivia
528 2749 724 2827 Hippolytum
738 2754 952 2811 secretissima
967 2754 1103 2812 recondit

356 2844 493 2915 Sedibus,
510 2853 538 2901 et
553 2846 689 2921 nymphae
702 2846 824 2923 Egeriae
839 2849 1011 2925 nemorique
1025 2850 1138 2929 relegat
1152 2870 1160 2921 ;

356 2938 445 2995 Solus
459 2939 509 2995 ubi
523 2938 554 2995 in
567 2937 649 2995 silvis
664 2938 748 2996 Italis
762 2940 900 3017 ignobilis
916 2961 1010 3001 sevum

354 3030 511 3108 Exigeret,
528 3050 673 3107 versoque
687 3032 738 3089 ubi
752 3034 869 3091 nomine
883 3034 1006 3094 Virbius
1019 3045 1108 3097 esset.

354 3121 441 3183 Unde
456 3124 545 3181 etiam
558 3125 668 3200 templo
681 3125 791 3184 Triviae
807 3128 942 3203 lucisque
956 3130 1085 3189 sacratis

355 3214 542 3293 Cornipedes
556 3225 696 3275 arcentur
709 3220 779 3295 equi
793 3239 801 3289 ;
829 3220 908 3297 qudd
922 3222 1018 3280 littore
1032 3242 1154 3283 currum

269 3294 275 3315 '
354 3308 395 3367 Et
405 3308 546 3385 juvenem
560 3311 697 3368 monstris
712 3312 810 3388 pavidi
824 3312 957 3374 effudere
972 3317 1103 3377 marinis.

353 3401 450 3461 Filius
464 3404 602 3461 ardentes
616 3403 695 3461 haud
709 3406 808 3464 seciiir
823 3426 943 3483 aequore
957 3412 1055 3489 campi

354 3496 527 3555 Exercebat
541 3516 644 3573 equos,
660 3516 810 3575 curruque
825 3501 855 3557 in
870 3502 949 3559 bella
963 3505 1079 3562 ruebat.

394 3590 462 3667 Ipse
476 3589 554 3648 inter
568 3591 676 3667 primos
691 3594 843 3668 praestanti
856 3614 981 3672 corpore
994 3596 1116 3658 Turnus

355 3682 502 3757 Vertitur,
519 3705 602 3743 arma
615 3695 731 3758 tenens,
749 3696 778 3745 et
791 3696 853 3747 toto
867 3692 979 3749 vertice
994 3693 1086 3769 suprd
1100 3702 1154 3753 est.

355 3776 415 3837 Cui
429 3778 536 3855 triplici
550 3780 658 3837 crinita
667 3779 743 3856 jubis
755 3783 844 3859 galea
857 3784 918 3841 elta
932 3784 1114 3844 Chimaeram

355 3872 496 3942 Sustinet,
512 3873 653 3931 AEtnoeos
667 3874 816 3933 efflantem
831 3876 966 3937 faucibus
980 3880 1086 3956 ignes:

353 3964 433 4022 Tam
446 3965 541 4043 megis
555 3967 605 4025 illa
620 3966 750 4026 fremens
763 3976 793 4027 et
810 3970 943 4029 tristibus
957 3972 1050 4031 effera
1064 3972 1200 4047 flammis,
1315 4023 1320 4031 .

355 4054 457 4127 Qulm
469 4058 564 4135 magis
578 4060 674 4119 etl'ttso
688 4062 868 4123 crudescunt
882 4066 1029 4143 sanguine
1044 4086 1160 4145 pugnae.

354 4150 395 4207 At
407 4150 502 4207 levem
516 4153 651 4230 clypeum
666 4156 791 4214 sublatis
806 4158 944 4216 cornibus
959 4158 993 4217 Io

354 4243 438 4300 Auro
452 4241 622 4321 insignibat,
634 4248 698 4323 jam
711 4250 783 4307 setis
798 4251 903 4322 obsita,
916 4252 978 4327 jam
992 4255 1057 4325 bos,
1115 4276 1121 4285 ·

355 4335 573 4413 Argumentum
586 4339 703 4417 ingens,
719 4351 747 4402 et
761 4352 862 4405 custos
875 4346 998 4425 virginis
1012 4346 1126 4427 Argus,
