3167 5234
543 550 720 603 muninus
739 552 809 601 niu.
823 552 888 601 vn.
1145 560 1204 619 ἧς

217 692 280 763 Qui
292 693 475 753 Nomentum
487 691 604 763 urbem,
619 690 671 768 qul
683 690 789 751 Rom
801 708 873 753 rure
886 692 997 765 Velini,

216 789 281 856 Qui
291 788 424 848 Tetricm
438 787 596 845 horrentes
607 804 709 863 rupes,
724 794 914 864 montemque
929 790 1084 859 Severum,

216 881 453 959 Casperiamque
466 880 577 950 colunt,
592 879 792 956 Forulosque,
809 887 839 939 et
852 880 962 939 flumen
975 880 1117 941 Himellm
1132 900 1140 953 3

217 976 279 1044 Qui
292 975 419 1053 Tybrim
432 974 634 1051 Fabarimque
647 975 750 1034 bibunt
763 994 772 1045 3
796 994 872 1051 quos
884 975 994 1053 frigida
1006 976 1085 1035 misit
1144 978 1203 1035 '115

216 1069 244 1128 N
247 1070 340 1140 ursin,
358 1077 388 1127 et
401 1067 540 1126 Hortinae
553 1068 679 1139 classes,
694 1069 855 1146 populique
868 1067 969 1129 Latini
984 1088 992 1139 3

217 1160 364 1239 Quosque
377 1180 486 1220 secans
499 1161 660 1221 infaustum
672 1161 805 1221 interluit
817 1162 901 1221 Allis
914 1180 1020 1223 nomen
1034 1180 1041 1221 ε

216 1254 316 1323 Quum
329 1254 413 1313 multi
425 1254 543 1331 Libyco
556 1255 715 1313 volvuntur
728 1270 875 1315 mer-more
888 1256 1008 1329 fluctus,

216 1350 323 1408 vaus
336 1348 386 1407 ubi
400 1348 493 1407 Orion
508 1348 642 1407 bibernis
654 1350 792 1409 conditur
805 1348 893 1409 undis
907 1368 915 1419 3

214 1440 273 1501 Vel
288 1460 380 1519 quum
392 1442 456 1501 sole
469 1460 548 1499 novo
560 1441 663 1502 &nem
676 1449 826 1501 torrentur
841 1443 953 1515 crine,
1144 1444 1204 1503 tuo

214 1535 278 1593 Aut
290 1534 400 1593 Hermi
413 1552 529 1610 campo,
545 1540 598 1593 sut
610 1532 716 1611 Lyciae
729 1534 908 1595 flaventibus
921 1535 1010 1597 srvis.

215 1628 309 1686 Scuto
318 1634 440 1698 ¹tinnient,
456 1627 604 1704 pulsuque
618 1626 726 1703 pedum
738 1628 901 1687 conterrite
914 1628 1013 1688 tellus.

253 1718 338 1778 Hinc
353 1720 619 1797 Agamemnonius,
634 1719 759 1795 Trojsni
771 1720 899 1779 nominis
912 1718 1016 1793 hostie,

215 1811 317 1873 Curru
327 1812 426 1890 jungit
438 1812 576 1871 Helenus
588 1832 694 1889 equos,
708 1813 874 1889 Turnoque
888 1812 1006 1872 seroces

214 1904 299 1965 Mille
313 1906 389 1983 repit
404 1906 548 1983 populos:
570 1915 689 1965 vertunt
702 1906 802 1965 felicia
816 1904 940 1965 Boccho
1144 1908 1202 1969 ‘126

213 1998 349 2060 Musica
363 2000 413 2076 qui
425 1999 542 2071 nstris,
558 2007 588 2058 et
605 2018 680 2076 quos
692 1999 730 2057 de
744 2000 871 2059 collibus
885 1999 954 2059 eltis

213 2092 352 2153 Aurunci
364 2090 474 2152 misire
487 2101 599 2170 potres,
616 2092 807 2169 Sidicinaque
816 2092 903 2169 juxti
1168 2161 1174 2170 ¹

213 2186 366 2263 Equum,
383 2185 494 2263 quique
508 2184 602 2245 Celes
614 2186 763 2262 linquunt,
778 2187 935 2264 emnieque
950 2185 1055 2247 undosi

213 2280 331 2339 Accola
342 2279 495 2351 Vulturni,
511 2280 683 2357 pariterque
697 2281 849 2339 Saticulus
863 2299 962 2358 ceper,
988 2356 995 2363 .

213 2372 422 2450 Oscortmtque
435 2390 551 2431 munus.
591 2373 721 2431 Teretes
733 2381 803 2431 sunt
817 2374 941 2451 aclydes
953 2374 1012 2433 illis
1143 2378 1202 2435 '180

212 2465 311 2535 Teln3
327 2465 381 2523 sed
394 2464 460 2525 brec
473 2466 554 2524 lento
568 2484 632 2525 mos
645 2474 692 2525 est
705 2474 810 2543 eptem
824 2466 946 2544 flagello
958 2486 968 2537 3

212 2557 323 2618 Laevns
336 2567 430 2617 cmtre
441 2559 517 2637 tegit
530 2578 539 2628 3
562 2559 666 2619 felesti
679 2560 844 2619 comminus
857 2580 955 2621 enses.

252 2652 321 2711 Nec
332 2660 365 2711 tu
379 2653 562 2713 carminibus
574 2654 685 2711 nostris
696 2653 825 2712 indictus
840 2654 946 2726 abibis,

213 2744 338 2817 OEbele,
355 2764 443 2822 quem
457 2744 624 2823 generense
636 2747 734 2805 Telon
748 2747 908 2807 Sebethide
922 2746 1054 2825 nymphi

212 2838 334 2910 Fertur,
349 2837 516 2899 Teleboum
530 2837 669 2917 Cupiens
682 2858 774 2916 quum
786 2858 882 2917 regne
894 2848 1012 2899 teneret
1143 2842 1201 2901 785

213 2932 285 2991 Jem
297 2933 398 2990 senior
409 2951 418 3003 3
443 2932 545 3009 patriis
558 2933 613 2991 sed
625 2952 686 2993 non
698 2941 729 2991 et
742 2933 821 2991 filius
835 2934 916 2993 ervis

213 3023 392 3096 Contentus,
407 3026 467 3084 lntd
476 3025 541 3102 jem
553 3034 616 3085 tum
628 3026 739 3085 ditione
753 3028 908 3104 premebet

131 3142 141 3164 ·
212 3118 366 3176 Sarrastes
380 3120 515 3196 populos,
530 3128 560 3178 et
575 3139 643 3197 qum
656 3120 736 3198 riget
750 3138 873 3197 aequore
887 3122 1011 3193 Seruus,

212 3208 335 3288 Quique
348 3211 474 3283 Rufrae,
488 3213 689 3288 Batulumque
702 3222 815 3285 tenent,
833 3222 924 3291 etque
937 3234 1011 3275 arva
1025 3214 1182 3287 Celennte,

210 3302 343 3380 thuos
355 3304 499 3365 mnlifern
512 3306 688 3384 despectant
701 3307 813 3365 moeniu
824 3308 963 3388 Abellm:
1142 3309 1201 3367 '140

210 3395 380 3457 Teutonico
393 3399 451 3457 ritu
465 3400 544 3459 soliti
556 3409 698 3477 torquere
712 3402 827 3461 oeteiee
840 3422 849 3472 3

210 3490 362 3569 Tegmine
375 3492 462 3567 queis
476 3494 607 3572 cupitum
621 3500 726 3571 ruptus
740 3494 779 3553 de
791 3496 901 3553 subere
916 3502 1019 3555 cortex
1031 3515 1039 3566 3

209 3582 392 3661 AErctaeque
406 3586 517 3645 micent
528 3588 629 3665 polim,
645 3588 735 3647 micet
749 3606 848 3647 aereue
861 3588 952 3649 enen.

249 3677 292 3735 Et
305 3687 335 3735 te
348 3686 491 3739 montosm
503 3678 613 3741 misire
627 3680 658 3740 in
671 3682 778 3759 proeliu
793 3682 823 3741 N
825 3701 913 3755 erem,

210 3770 317 3845 Ufens,
332 3773 481 3853 insignem
495 3774 575 3835 fame
587 3784 618 3835 et
630 3776 769 3837 felicibus
783 3778 873 3837 nrmie
887 3796 895 3849 3
1142 3778 1200 3839 ⁷46

209 3864 347 3926 Horrida
361 3869 510 3946 precipue
524 3870 574 3929 cui
587 3890 674 3948 gene,
689 3878 871 3947 emuntuque
885 3870 977 3931 multo

210 3956 332 4019 Venetu
345 3980 510 4034 nemorum,
525 3963 609 4023 dun's
622 3962 792 4039 AElquieuls
804 3962 902 4042 glebis
918 3982 925 4021 :

210 4052 328 4111 Armati
339 4061 452 4115 terrem
464 4066 618 4129 exercent,
633 4074 812 4134 semperque
825 4064 965 4117 recenter

212 4144 404 4207 Convertere
413 4149 499 4225 juvet
512 4150 641 4229 predas,
656 4158 687 4209 et
700 4151 802 4209 vivere
816 4158 911 4227 rupto.

248 4241 334 4314 Quin
348 4251 378 4301 et
391 4243 552 4306 Marrubii
564 4246 645 4303 venit
659 4245 696 4304 de
710 4253 801 4323 gente
816 4246 969 4318 sacerdos,
1141 4248 1200 4307 750

210 4332 333 4394 Fronde
346 4338 572 4489 supergleum
583 4347 614 4399 et
627 4339 709 4399 felici
722 4347 858 4417 comptus
871 4338 961 4413 olivi,
