3167 5234
377 553 440 613 202
671 546 698 594 r,
712 543 882 592 vrastnu
906 542 1081 591 annonis

377 686 472 747 Porta
485 685 623 756 advena,
638 684 757 762 ingens,
772 682 927 759 solidoque
942 682 1100 741 adamanta
1117 682 1287 755 columnar

377 780 435 841 Vis
450 789 481 838 ut
495 780 577 839 nulls
591 776 697 849 rirtim,
713 796 772 835 non
786 776 844 853 ipsi
860 776 1036 835 exscindere
1051 776 1131 835 ferro

380 873 536 934 celicola
549 872 679 931 valeant.
720 872 786 928 Stat
800 870 899 929 ferres
911 869 1002 928 turris
1017 868 1054 929 ad
1069 886 1182 938 aurant

377 966 602 1046 Tisiphoneque
616 964 734 1036 sedens,
751 963 833 1041 pallii
846 963 1003 1022 succincta
1015 961 1152 1035 cruenti,
1307 964 1367 1023 666

377 1060 568 1119 Vestibulum
582 1058 732 1117 asomnis
744 1066 847 1117 servet
860 1066 1026 1135 noctesque
1039 1057 1174 1134 diesque.

377 1154 462 1213 Hinc
475 1153 609 1211 exaudiri
623 1152 763 1230 gemitus,
779 1164 809 1209 et
823 1170 906 1209 stava
922 1170 1031 1209 sonmo

378 1247 516 1305 Verbera
529 1266 536 1303 ε
556 1254 620 1304 tum
633 1244 743 1303 stridor
755 1245 838 1316 ferri,
854 1254 1018 1322 tractaque
1031 1252 1156 1303 ostense.

379 1342 521 1402 Constitit
534 1340 665 1411 AEneas,
681 1340 897 1417 strepitumque
911 1340 1070 1399 exterritus
1083 1338 1181 1399 hausu
1195 1356 1204 1397 t

377 1434 455 1503 Qum
470 1434 618 1493 scelerum
631 1434 750 1491 iacies?
771 1454 791 1492 o
806 1434 900 1511 virgo,
917 1432 1010 1492 effere
1025 1452 1033 1501 ς
1056 1432 1202 1508 quibusve
1304 1434 1364 1491 600

376 1528 531 1606 Urgentur
544 1527 665 1605 poenis?
687 1527 737 1604 qui
750 1534 851 1585 tantus
866 1528 991 1604 plangor
1005 1525 1042 1585 sd
1056 1525 1171 1585 auras?
1392 1515 1397 1527 '

375 1621 456 1680 Tum
469 1630 554 1679 vates
566 1621 612 1679 sie
625 1640 696 1679 orsa
708 1620 811 1695 loqui:
832 1620 904 1679 Dux
918 1620 1028 1696 inclyte
1042 1616 1204 1691 Teucmim,

374 1714 458 1774 Nulli
471 1714 516 1772 sas
529 1723 614 1772 casto
626 1714 806 1772 sceleratum
819 1712 958 1772 insistere
972 1713 1062 1771 limen
1074 1732 1083 1781 ς

376 1808 435 1867 Sed
449 1826 508 1878 me,
524 1826 615 1884 quum
628 1807 704 1865 lucis
718 1806 840 1866 Hecate
854 1805 989 1883 praefecit
1001 1805 1142 1877 Auernis,

375 1900 447 1978 lpse
460 1901 549 1959 detim
562 1919 668 1977 poenss
681 1899 792 1970 docui,
809 1918 921 1977 perque
936 1899 1034 1957 omnis
1053 1898 1146 1957 duxit.
1302 1900 1361 1959 666

374 1994 507 2053 Gnosius
521 1995 588 2052 hmo
601 1992 850 2051 Rhadamanthus
864 1993 953 2052 habet
964 1992 1123 2051 durissima
1134 2009 1229 2070 regna
1241 2010 1251 2063 3

375 2086 575 2165 Castigatque
588 2085 730 2162 auditque
744 2086 839 2157 dolos,
855 2086 1025 2163 subigitque
1039 2084 1124 2143 fateri

375 2178 453 2247 Qum
469 2181 535 2256 quis
549 2179 628 2255 apud
642 2198 778 2255 superos,
795 2179 873 2237 furto
887 2179 1004 2237 luctatus
1018 2177 1109 2249 inani,

372 2270 497 2330 Distulit
511 2272 542 2330 in
555 2290 655 2330 seram
668 2273 827 2331 commissa
846 2272 966 2349 piacula
979 2279 1113 2331 mortem.

372 2362 525 2425 Continub
540 2373 641 2423 sontes
656 2364 745 2423 ultrix
758 2364 898 2425 accincta
911 2364 1032 2443 flagello
1300 2365 1360 2423 6'10

372 2458 536 2536 Tisiphone
552 2460 646 2535 quatit
659 2459 804 2519 insultans
819 2478 827 2530 ς
850 2468 1011 2537 torvosque
1025 2458 1146 2519 sinistri

373 2552 528 2611 Intentans
541 2572 667 2630 angues,
683 2562 772 2611 vocat
786 2553 908 2631 agmina
920 2572 1002 2613 stava
1015 2570 1159 2613 sororum.

372 2643 452 2703 Tum
465 2645 582 2703 demum
594 2646 751 2705 horrisono
764 2645 924 2704 stridentes
937 2644 1059 2705 cardine
1074 2664 1169 2705 sacrae

371 2736 546 2796 Panduntur
560 2744 663 2813 ports.
705 2736 827 2809 Cernis,
843 2736 980 2797 custodis
995 2738 1091 2813 qualis

369 2828 529 2887 Vestibulo
542 2828 646 2887 sedeat
660 2828 672 2885 i
693 2828 789 2887 sscien
803 2848 869 2905 quas
884 2831 986 2888 limina
999 2829 1121 2888 servet?
1299 2830 1358 2889 6'15

371 2920 598 2999 Quinquaginta
613 2922 685 2980 atris
699 2922 835 2981 immanis
848 2923 978 2983 hiatibus
992 2922 1101 2999 Hydra

371 3014 486 3074 Saevior
498 3015 578 3079 intus
592 3014 682 3073 habet
696 3015 807 3075 sedem.
850 3014 928 3075 Turn
940 3018 1087 3075 Tartarus
1101 3016 1166 3094 ipse

369 3106 422 3166 Bis
437 3116 517 3185 patet
531 3107 561 3167 in
575 3126 710 3186 preceps
722 3109 849 3179 tenthm,
862 3110 1015 3186 tenditque
1035 3112 1090 3169 sub
1105 3110 1236 3183 umbras,

370 3201 511 3269 Quantus
525 3202 562 3260 ad
576 3203 731 3262 aetherium
743 3204 814 3263 coeli
827 3214 985 3282 suspectus
998 3205 1167 3283 Olympum.

368 3294 433 3357 Hic
447 3314 544 3374 genus
558 3297 711 3373 antiquum
724 3297 841 3369 Terrae,
856 3296 979 3357 Titania
994 3301 1096 3376 pubes,
1297 3301 1358 3361 600

368 3388 505 3447 Fulmina
520 3389 638 3465 dejecti,
653 3390 744 3449 sundo
760 3391 918 3450 volvuntur
932 3392 960 3451 in
975 3393 1043 3453 imo.

368 3481 432 3541 Hic
446 3491 476 3541 et
489 3482 613 3541 Aloidas
628 3484 773 3561 geminos,
790 3484 929 3543 immanis
942 3484 1012 3557 vidi,

368 3573 515 3653 Corpora,
532 3576 583 3652 qni
596 3577 733 3633 manibus
746 3594 887 3655 magnum
900 3578 1072 3637 rescindere
1086 3578 1198 3639 uoelutu

366 3668 524 3746 Aggressi,
540 3668 717 3745 superisque
730 3669 836 3728 Jovem
851 3670 1009 3730 detrudere
1024 3672 1136 3751 regnis.

363 3759 436 3821 Vidi
449 3769 480 3820 et
493 3761 632 3820 crudeles
645 3762 764 3821 dantem
777 3764 937 3823 Salmonea
957 3784 1071 3842 poenas,
1293 3768 1353 3825 606

364 3851 447 3912 Dum
460 3854 594 3913 flammas
608 3855 694 3915 Jouis
707 3864 738 3914 et
751 3857 866 3917 sonitus
879 3858 1011 3917 imitatur
1023 3858 1152 3938 Olympi.

366 3943 505 4012 Quatuor
516 3946 566 4005 hic
580 3948 717 4007 invectus
729 3951 826 4026 equis,
842 3959 872 4009 et
886 3952 1024 4029 lampada
1039 3972 1196 4030 quassans,

363 4037 424 4096 Per
436 4038 561 4097 Graiium
575 4042 699 4118 populos
711 4043 877 4121 medisque
892 4064 945 4121 por
957 4044 1053 4104 Elidis
1068 4047 1173 4105 urbem

364 4131 431 4190 Ibat
445 4147 549 4205 ovans,
565 4136 725 4213 divumque
739 4138 796 4197 sibi
810 4142 950 4216 poscebat
966 4140 1130 4201 honorem:

361 4224 496 4284 Demens
510 4230 516 4285 Ι
540 4228 590 4303 qui
603 4230 718 4289 nimbos
732 4240 761 4289 et
775 4252 834 4291 non
849 4233 990 4293 imitabile
1004 4235 1116 4293 fulmen
1291 4237 1352 4295 690

362 4320 442 4379 AEre
456 4330 486 4379 at
498 4324 691 4401 cornipedum
704 4326 791 4403 pulsu
806 4327 961 4389 simuldret
975 4348 1129 4405 equorum.
