3167 5234
529 553 753 603 GEORGICON
771 555 842 604 LIB.
855 555 893 605 11.

216 691 363 752 Versibus
376 691 535 770 incomptis
547 692 662 765 ludunt,
678 693 802 772 meoque
815 696 924 770 soluto,

216 787 339 865 Orsque
354 786 517 846 corticibus
530 796 649 848 sumunt
662 788 814 849 horrenda
826 791 963 851 cavatist

215 881 256 940 Et
269 889 311 953 te,
327 879 462 952 Bacche,
477 889 587 941 vocant
600 901 655 960 per
667 883 803 942 carmine
815 885 897 959 lmta,
911 886 1025 964 tibique

216 975 331 1035 Oscills
342 993 382 1034 ex
394 973 459 1034 sut
471 974 656 1054 suspendunt
669 979 770 1037 mollia
784 979 865 1058 pinu.

215 1067 298 1128 Hinc
313 1067 410 1128 omnis
424 1067 509 1147 largo
523 1071 659 1146 pubescit
673 1071 761 1132 vinea
774 1073 848 1133 fectu
862 1093 871 1144 3
1149 1077 1211 1135 390

217 1160 415 1240 complentur
428 1162 583 1240 vallesque
598 1183 692 1238 caum,
709 1167 864 1244 saltusque
876 1167 1024 1245 profundi,

216 1255 257 1316 Et
271 1255 463 1333 qudcumque
477 1256 552 1316 deus
566 1257 681 1318 circium
694 1267 785 1338 caput
799 1261 862 1340 egit
875 1261 1042 1324 honestum.

216 1351 300 1430 Ergo
312 1347 370 1409 rite
385 1369 473 1408 suum
486 1325 611 1410 Baodbo
625 1352 760 1412 dicemus
773 1353 919 1414 honorem

217 1444 411 1506 Carminibus
426 1445 539 1523 patriis,
555 1447 721 1524 lancesque
735 1455 765 1509 et
782 1449 844 1508 liba
856 1449 988 1512 feremus
1002 1470 1011 1510 ε

215 1539 257 1598 m
270 1538 378 1598 ductus
391 1557 486 1599 cornu
500 1540 589 1599 stabit
602 1559 692 1600 sacer
704 1541 807 1602 bircus
821 1543 860 1603 sd
875 1563 970 1618 erem,
1150 1549 1211 1608 395

215 1631 406 1712 Pinguisque
420 1633 450 1692 in
465 1635 597 1693 verubus
609 1636 789 1697 torrebimus
803 1647 874 1698 exta
886 1639 1029 1700 colurnio.

253 1729 312 1790 Est
326 1729 416 1788 etium
429 1730 479 1788 ille
493 1731 579 1790 labor
591 1733 733 1792 curandis
746 1734 858 1794 ritibus
871 1735 958 1808 alter,

217 1823 277 1886 Cui
290 1843 444 1902 nunquam
459 1825 596 1885 exhausti
610 1827 683 1886 satis
698 1834 744 1886 est
759 1847 768 1898 3
792 1847 924 1906 numque
937 1847 1025 1890 omne
1038 1829 1199 1907 quotannis

215 1919 337 1996 Terque
353 1927 520 1996 quaterque
535 1919 632 1979 solum
649 1920 855 1994 scindendum,
871 1923 1022 2001 glebaque
1035 1924 1131 1984 versis

216 2013 380 2075 AEternirm
394 2015 562 2094 stangende
575 2015 756 2090 bidentibus,
772 2036 860 2076 omne
874 2017 1034 2078 levandum
1152 2021 1212 2080 400

216 2108 335 2168 Fronde
349 2127 456 2168 nemus
474 2127 481 2166 ι
504 2108 581 2169 redit
595 2110 736 2190 agricolis
749 2111 836 2170 labor
849 2120 935 2170 sotus
948 2112 980 2172 in
992 2113 1107 2186 orben,

216 2201 316 2281 Atque
331 2202 363 2262 in
377 2221 411 2262 se
425 2221 482 2262 sua
495 2221 550 2281 por
562 2203 690 2283 vestigia
703 2205 833 2264 volvitur
845 2223 952 2267 mnus.

253 2300 301 2358 Ac
318 2300 383 2376 jem
399 2299 480 2371 olim,
496 2317 583 2358 seras
596 2301 695 2378 posuit
710 2321 801 2378 quum
814 2302 905 2361 vines
916 2302 1050 2377 mundes,

216 2393 357 2473 Frigidus
371 2399 402 2452 et
413 2393 496 2452 silvis
509 2393 611 2470 aquilo
625 2395 757 2454 decussit
770 2395 916 2455 honorem
929 2416 937 2467 3

215 2487 283 2547 Jam
297 2496 360 2546 tum
374 2507 446 2547 acer
459 2507 550 2548 curas
564 2488 734 2548 venientem
748 2489 881 2549 extendit
894 2490 925 2548 in
939 2507 1051 2550 mnam
1150 2491 1211 2550 406

216 2581 372 2654 Rusticus,
391 2589 422 2640 et
435 2601 529 2641 curso
545 2580 667 2641 Seturni
681 2580 769 2641 dente
784 2583 921 2641 relictam

215 2672 413 2753 Persequitur
426 2676 517 2734 vitem
531 2674 701 2748 attondens,
718 2676 864 2756 fingitque
877 2677 1019 2755 putundo.

215 2769 333 2829 Primus
347 2769 470 2830 humum
483 2769 586 2843 fodito,
602 2769 715 2848 primus
732 2770 859 2830 devecta
872 2779 1005 2830 cremato

217 2865 385 2937 Sarmenta,
400 2870 430 2923 et
443 2864 539 2923 vallos
553 2865 665 2942 primus
678 2866 734 2925 sub
747 2873 831 2924 tecta
841 2866 953 2925 referto
968 2883 977 2922 ε

216 2957 390 3017 Postremus
404 2958 516 3016 metito.
558 2957 611 3016 Bis
625 2958 736 3018 vitibus
749 2959 862 3038 ingruit
872 2962 980 3018 umbra
993 2977 1003 3030 3

216 3051 268 3110 Bis
280 3059 416 3130 segetem
431 3051 533 3110 densis
546 3052 698 3110 obducunt
713 3053 848 3112 sentibus
861 3053 963 3112 herbae
977 3072 987 3110 ι

215 3144 320 3204 Durus
333 3152 460 3222 uterque
475 3147 569 3205 labor.
609 3145 748 3204 Leudatc
763 3145 898 3225 ingentia
911 3165 983 3206 rura
998 3164 1009 3218 3

214 3239 369 3318 Exiguum
382 3240 481 3299 colito.
523 3240 552 3298 N
555 3259 591 3297 ec
606 3258 665 3298 non
680 3239 771 3298 etiam
785 3259 894 3318 aspere
906 3239 990 3300 rusci

214 3331 337 3392 Vimine
351 3353 405 3411 per
417 3333 534 3404 silvam,
550 3339 579 3392 et
593 3333 666 3411 ripis
680 3333 808 3394 fluvialis
822 3333 937 3393 arundo

216 3425 364 3498 Caeditur,
380 3427 543 3503 incultique
558 3435 680 3486 exercet
694 3447 768 3486 curo
782 3426 889 3489 salicti.

214 3519 285 3579 Jam
299 3520 406 3580 vinctae
420 3521 506 3592 vites,
525 3520 588 3596 jam
602 3521 711 3580 falcem
726 3522 851 3580 arbusta
863 3528 1021 3599 reponunt,

215 3612 286 3674 Jam
301 3614 380 3672 canit
394 3621 543 3672 extremos
558 3613 677 3673 effectus
691 3615 800 3674 vinitor
812 3623 899 3674 untes
914 3634 922 3672 ε

217 3707 412 3766 Sollicitando
428 3717 529 3766 tumen
543 3707 643 3780 tellus,
658 3708 816 3786 pulvisque
829 3707 994 3767 movendus
1008 3725 1017 3778 3

215 3799 257 3858 Et
272 3799 337 3875 jam
350 3801 474 3860 maturis
489 3801 666 3860 metuendus
679 3801 799 3880 Jupiter
812 3802 888 3862 uvis.

255 3892 383 3965 Contrd,
399 3913 458 3952 non
473 3895 533 3952 ulle
547 3901 592 3952 est
606 3895 681 3954 oleis
695 3896 814 3954 cultura
828 3915 835 3952 :
857 3914 957 3973 neque
971 3894 1032 3955 illm

217 3983 399 4046 Procurvom
413 3996 588 4064 exspectant
602 3987 722 4060 falcem,
737 3996 912 4066 rastrosque
925 3997 1060 4064 tenaces,

218 4077 319 4152 Quum
332 4081 425 4138 semel
439 4081 591 4140 haeserunt
605 4081 696 4152 arvis,
713 4099 864 4157 aurasque
877 4084 1020 4144 tulerunt.

216 4172 288 4250 Ipsa
301 4173 374 4232 satis
387 4174 487 4246 tellus,
505 4193 595 4252 quum
609 4174 697 4232 dente
711 4175 877 4234 recluditur
888 4195 977 4251 uoco,

217 4265 334 4326 Sufficit
347 4267 512 4341 humorem,
529 4275 559 4328 et
572 4266 714 4347 gravidas
728 4287 797 4327 oum
810 4287 930 4328 vomere
943 4270 1056 4350 fruges„

214 4357 287 4419 Hoc
302 4359 444 4440 pinguem
457 4370 488 4420 et
502 4361 643 4440 plecitam
656 4360 731 4421 Psoi
746 4361 874 4420 nutritor
886 4362 1003 4423 olivam

889 4474 912 4516 rs
