3167 5234
336 564 395 622 m
619 558 647 605 P.
668 554 835 603 VIRGlLll
859 554 1033 605 MARONIS

333 699 406 759 Vidi
418 698 591 769 Hecubam,
607 704 789 775 centumque
802 715 906 768 nurus,
922 696 1135 773 Priamumque
1148 714 1204 774 per
1217 712 1287 756 aras

335 794 488 873 Sanguine
502 793 674 864 foedantem,
691 811 767 869 quos
781 791 844 869 ipse
860 798 1044 862 sacraverat,
1060 789 1156 868 ignes.

334 886 566 966 Quinquaginta
578 886 621 945 illi
632 886 768 958 thalami,
784 904 854 963 spes
868 892 953 945 tanta
966 891 1117 962 nepotum,

334 982 501 1041 Barbarico
514 991 616 1060 postes
629 1002 704 1041 auro
717 981 881 1059 spoliisque
895 979 1017 1057 superbi

334 1075 551 1158 Procubudre:
573 1084 676 1135 tenent
688 1076 790 1135 Danai
805 1078 864 1152 qud
889 1074 990 1132 delicit
1006 1074 1092 1153 ignis.
1267 1074 1327 1131 505

374 1171 569 1244 Forsitan'et,
584 1170 697 1230 Priami
710 1170 820 1228 fuerint
835 1188 902 1246 qum
916 1168 989 1240 tnta,
1005 1168 1154 1245 requiras.

335 1267 426 1328 Urbis
439 1268 483 1327 utl
496 1277 593 1347 captas
608 1287 722 1339 casunn
738 1267 941 1343 convulsaque
958 1264 1028 1323 vidit

333 1362 454 1423 Limina
466 1371 625 1435 tectorum,
642 1371 672 1421 et
685 1362 815 1420 medium
829 1360 858 1419 in
874 1360 1078 1439 penetralibus
1092 1358 1218 1432 hostem,

333 1457 429 1517 Arma
442 1456 493 1515 diu
508 1457 609 1515 senior
622 1455 747 1513 desueta
760 1454 956 1513 trementibus
971 1473 1035 1513 sevo

334 1548 514 1611 circumdat
527 1549 731 1628 nequidquam
744 1548 886 1621 humeris,
903 1557 933 1607 et
947 1548 1049 1607 inutile
1064 1548 1175 1607 ferrum
1269 1548 1327 1607 510

335 1643 487 1723 Cingitur,
504 1664 541 1703 ac
555 1645 665 1703 densos
679 1644 773 1703 femur
785 1644 945 1701 moriturus
960 1642 989 1699 in
1004 1642 1115 1701 hostes.

374 1739 509 1799 AEdibus
521 1740 552 1797 in
566 1738 680 1810 mediis,
697 1738 836 1815 nudoque
851 1738 908 1795 sub
922 1736 1042 1795 aetheris
1061 1756 1127 1808 axe,

335 1833 448 1911 lugens
463 1852 517 1891 ara
530 1833 606 1902 fuit3
626 1833 773 1911 juxtaque
788 1832 949 1890 veterrima
962 1832 1064 1889 laurus

335 1927 518 1986 Incumhens
532 1948 605 2001 arm,
622 1936 713 2004 atque
728 1925 835 1985 umbri
849 1927 1005 2004 complexa
1017 1926 1158 1986 Penates.

334 2022 400 2081 Hic
414 2023 546 2081 Hecuba
560 2022 589 2081 et
604 2030 682 2081 natae
697 2020 899 2098 nequidquam
915 2020 1021 2078 altaria
1033 2020 1158 2092 circum,
1268 2020 1327 2078 515

333 2116 512 2196 Pracipites
525 2114 593 2175 atrd
607 2136 663 2175 ceu
677 2123 856 2193 tempestate
871 2116 1030 2187 columbas,

335 2210 517 2282 Condensae‚
534 2219 563 2269 et
577 2210 678 2269 diutim
692 2210 836 2287 amplexa
851 2209 1022 2280 simulacra,
1039 2208 1194 2268 sedebant.

335 2303 438 2383 Ipsum
453 2314 552 2362 antem
567 2304 692 2383 sumptis
704 2304 857 2362 Priamum
873 2302 1064 2378 juvenalibus
1078 2302 1169 2361 armis

334 2396 375 2456 Ut
389 2397 481 2455 vidit:
504 2398 582 2465 Quae
597 2417 681 2455 mens
695 2404 756 2455 tam
770 2396 846 2468 dira,
863 2395 1028 2453 miserrime
1047 2395 1167 2472 conjux,

335 2488 455 2568 Impulit
468 2491 515 2549 his
529 2490 610 2569 cingi
623 2490 716 2549 telis?
737 2498 787 2548 aut
803 2488 861 2566 qud
876 2489 939 2547 ruis
954 2488 964 2545 ?
986 2488 1090 2564 inquit.
1268 2488 1327 2546 520

334 2584 365 2643 N
367 2604 406 2642 on
419 2584 473 2642 tali
487 2584 597 2642 auxilio
611 2603 668 2642 nec
682 2583 892 2642 defensoribus
906 2582 971 2641 istis

334 2678 469 2757 Tempus
483 2688 553 2758 eget
567 2698 574 2750 ;
598 2699 668 2751 non,
684 2678 710 2737 si
724 2680 788 2756 ipse
803 2696 888 2736 meus
902 2696 981 2735 nunc
997 2675 1103 2734 afforet
1117 2672 1246 2735 Hector.

335 2772 409 2831 Huc
422 2773 543 2832 tandem
556 2772 690 2831 concede
704 2790 711 2829 :
733 2772 801 2830 haec
816 2790 868 2829 ara
879 2771 1011 2829 tuebitur
1025 2789 1138 2842 omnes,

334 2866 398 2927 Aut
412 2866 539 2926 moriere
553 2867 650 2926 simul.
693 2867 744 2925 Sic
758 2886 810 2924 ore
829 2866 931 2938 effata,
948 2864 1060 2941 recepit

334 2962 383 3022 Ad
398 2981 477 3033 sese,
493 2970 523 3019 ct
537 2960 628 3021 sacra
641 2962 810 3040 longaevum
824 2961 854 3019 in
869 2960 940 3019 sede
956 2959 1075 3018 locavit.
1268 2958 1327 3016 505

374 3056 458 3114 Ecce
474 3064 584 3128 autem,
602 3056 722 3132 elapsus
734 3054 845 3132 Pyrrhi
858 3054 896 3112 de
910 3054 1004 3125 cade,
1018 3052 1141 3125 Polites,

334 3148 421 3209 Unus
434 3158 571 3209 natorum
584 3150 707 3221 Priami,
723 3168 777 3227 per
789 3148 862 3220 tela,
880 3167 933 3227 per
945 3148 1048 3206 hostes

333 3242 504 3303 Porticibus
517 3243 615 3321 longis
628 3242 714 3321 fugit,
731 3252 760 3301 et
774 3262 873 3301 vacua
888 3242 964 3300 atria
982 3243 1088 3300 lustrat

335 3338 472 3397 Saucius.
515 3337 604 3396 Illum
619 3336 728 3394 ardens
739 3336 848 3395 infesto
862 3336 985 3395 vulnere
1000 3336 1135 3415 Pyrrhus

335 3429 516 3509 Insequitur,
529 3431 592 3507 jam
609 3431 732 3508 jamque
747 3440 943 3503 manutenet,
960 3442 990 3489 et
1005 3430 1110 3508 premit
1128 3428 1225 3489 hasti.
1267 3430 1327 3489 500

333 3526 375 3585 Ut
387 3526 508 3585 tandem
521 3535 590 3584 ante
606 3527 710 3584 oculos
724 3526 820 3585 evasit
835 3535 864 3585 et
879 3546 933 3584 ora
947 3524 1113 3604 parentium,

334 3618 485 3692 Concidit,
502 3639 538 3678 ac
553 3621 644 3678 multo
659 3620 749 3678 vitam
763 3640 832 3679 cum
846 3620 992 3699 sanguine
1007 3620 1090 3680 fudit.

333 3712 398 3773 Hic
411 3714 560 3787 Priamus,
578 3733 749 3791 quanquam
763 3714 793 3771 in
807 3712 907 3773 media
923 3714 986 3791 jam
1000 3724 1094 3773 morte
1107 3719 1238 3787 tenetur,

333 3808 363 3869 N
365 3829 404 3867 on
417 3817 517 3867 tamen
531 3809 683 3881 abstinuit,
700 3828 757 3866 nec
772 3808 838 3867 voci
853 3808 965 3886 iraeque
980 3808 1133 3888 pepercit:

332 3902 374 3961 At
387 3902 441 3960 tibi
455 3922 507 3979 pro
522 3902 649 3975 scelere,
666 3901 826 3974 exclamat,
843 3923 896 3981 pro
909 3903 1020 3961 talibus
1035 3902 1127 3975 ausis,
1267 3902 1326 3960 535

332 3992 377 4053 Di
392 3994 432 4071 (si
447 4016 507 4071 qun
520 4005 566 4054 est
581 3998 659 4055 coelo
674 3997 779 4075 pietas,
798 4016 864 4074 quae
879 3997 952 4057 talia
964 3998 1064 4076 curet)

332 4085 510 4148 Persolvant
523 4098 625 4169 grates
639 4090 756 4169 dignas,
773 4098 803 4148 et
818 4091 941 4169 praemia
953 4090 1079 4151 reddant

332 4180 457 4255 Debita,
474 4184 526 4260 qui
539 4185 601 4243 nati
615 4204 717 4244 coram
731 4206 778 4244 me
793 4206 920 4245 cernere
934 4187 1026 4247 letum

332 4276 458 4349 Fecisti,
475 4287 504 4335 et
519 4278 630 4356 patrios
644 4278 765 4339 soeddsti
779 4280 885 4340 timere
900 4280 1019 4340 vultus!

333 4370 374 4430 At
388 4390 447 4430 non
461 4371 521 4445 ille,
538 4380 636 4431 satum
651 4384 752 4451 quote
766 4376 911 4449 mentiris,
926 4374 1062 4437 Achilles
1268 4377 1328 4435 540
