3167 5234
379 536 440 595 Μ
670 528 697 576 1².
712 528 882 575 vinulam
907 528 1082 579 Mauortis

724 946 1034 1021 AENEIDOS

740 1154 905 1214 LIBER
931 1153 996 1214 xl.

755 1362 989 1379 ψ

377 1509 537 1571 Oceanum
552 1512 667 1571 interea
680 1531 810 1589 surgens
824 1514 945 1571 Aurora
958 1510 1087 1587 reliquit.

376 1606 508 1680 AEneas,
524 1625 696 1683 quanquam
709 1617 740 1666 et
754 1608 844 1667 sociis
859 1606 932 1665 dere
945 1615 1062 1683 tempus
1080 1602 1238 1662 humandis

375 1698 568 1778 Praecipitant
582 1720 675 1772 curse,
690 1702 871 1776 turbataque
887 1700 991 1761 funere
1006 1718 1090 1757 mens
1103 1704 1160 1769 est,

375 1793 457 1851 Vota
467 1792 556 1852 desim
571 1794 664 1871 primo
678 1795 773 1851 victor
786 1795 922 1852 solvebat
937 1792 1014 1851 Eoo.

376 1886 533 1967 Ingentem
548 1907 702 1965 quercum,
718 1888 829 1946 decisis
843 1888 973 1964 undique
987 1886 1089 1957 ramis,

377 1980 539 2042 Constituit
552 1982 676 2053 tumulo,
692 1982 898 2058 fulgentiaque
914 1980 1006 2041 induit
1023 1999 1107 2039 arma

375 2074 510 2134 Mezenti
523 2076 609 2133 ducis
621 2075 746 2133 exuvias
760 2094 768 2144 ;
784 2074 848 2146 tibi,
865 2092 984 2152 magne,
1000 2083 1155 2151 tropeum,

375 2168 577 2246 Bellipotens:
601 2178 683 2245 aptat
697 2178 834 2227 nemetes
849 2168 995 2245 sanguiue
1010 2168 1127 2238 cristes,

374 2262 512 2339 Telaque
525 2271 633 2321 trunca
647 2262 714 2333 riri,
729 2274 760 2319 et
773 2262 887 2320 bissex
901 2262 1025 2320 thoraca
1039 2261 1161 2337 petitum

374 2356 608 2433 Perfossumque
622 2356 697 2413 locis
710 2375 719 2425 ;
731 2356 940 2435 'clypeumque
955 2374 992 2413 ex
1007 2373 1067 2413 erre
1081 2353 1209 2414 sinistrae
1331 2355 1367 2411 10

376 2451 523 2529 subligat,
540 2459 631 2527 etque
645 2469 746 2509 ensem
762 2449 840 2507 collo
854 2448 1007 2525 suspendit
1021 2450 1176 2506 eburnum.

375 2543 454 2603 Tum
468 2544 578 2616 socios,
592 2562 721 2619 namque
736 2543 831 2601 omnis
845 2561 913 2601 eum
928 2542 1036 2618 stipata
1054 2542 1176 2619 tegebat

375 2637 480 2696 Turba
493 2637 613 2709 ducum,
631 2638 676 2696 sic
690 2636 836 2713 iucipiens
850 2635 984 2693 hortetur
998 2643 1122 2693 ovantes
1137 2653 1145 2691 ε

414 2730 549 2789 Maxima
562 2748 613 2790 res
626 2730 746 2801 effecte,
762 2730 818 2787 uiri
834 2748 841 2787 :
859 2730 951 2787 timor
964 2728 1058 2785 omnis
1073 2728 1187 2799 abesto,

377 2823 465 2892 Quod
480 2833 627 2902 superest.
670 2823 749 2882 Haec
763 2832 833 2881 sunt
846 2823 951 2900 spolia,
967 2830 996 2879 et
1010 2821 1047 2880 de
1060 2840 1133 2899 rege
1147 2822 1278 2899 superbe
1331 2822 1366 2879 15

376 2918 518 2976 Primitiae
535 2937 543 2986 ;
566 2917 762 2993 manibusque
776 2917 852 2974 meis
867 2916 1037 2974 Mezentius
1051 2916 1100 2973 hic
1114 2923 1170 2975 est.

377 3012 406 3070 N
409 3032 467 3070 unc
480 3011 537 3069 iter
550 3012 589 3069 ad
602 3030 706 3089 regem
720 3012 806 3069 nobis
820 3030 980 3087 murosque
993 3009 1128 3069 Latinus.

376 3106 469 3164 Arma
483 3114 599 3182 parate,
615 3105 721 3163 animis
734 3114 764 3162 et
778 3122 831 3181 spe
847 3103 1015 3181 presumite
1034 3104 1166 3173 bellum;

375 3198 425 3258 Ne
440 3218 500 3275 qun
513 3217 598 3255 mora
611 3197 743 3276 ignem,
760 3198 810 3256 ubi
825 3196 950 3275 primum
963 3198 1075 3255 vellere
1089 3198 1176 3275 signa

375 3293 543 3353 Annuerint
559 3293 676 3368 Superi,
694 3293 862 3369 pubemque
877 3292 1008 3350 educere
1029 3292 1148 3363 cestris,
1328 3294 1367 3351 20

376 3385 532 3464 Impediat,
548 3386 688 3463 segnisve
702 3395 783 3444 metu
797 3386 945 3444 sententie
958 3386 1065 3444 tardet.
1132 3410 1136 3417 ·

375 3479 497 3539 Interea
509 3479 608 3537 socios
621 3469 834 3555 inhumataque
848 3498 976 3556 corpore
988 3488 1077 3537 terrm

375 3570 555 3631 Mandemus
569 3592 577 3643 ;
602 3573 653 3649 qui
666 3570 748 3631 selus
762 3573 857 3633 boues
869 3573 1042 3632 Acheronte
1058 3573 1114 3631 sub
1128 3572 1187 3631 imo
1201 3578 1258 3633 est.

375 3666 433 3739 lte,
450 3668 501 3739 ait,
518 3666 660 3746 egregias
674 3667 799 3738 animas,
817 3686 883 3744 qum
898 3661 1044 3745 singuiue
1061 3666 1147 3739 nobis

375 3759 468 3819 Hanc
482 3761 607 3838 patriam
622 3758 768 3838 peperere
782 3780 848 3832 suo,
865 3760 1005 3819 decorate
1020 3760 1166 3838 supremis
1325 3760 1365 3818 25

374 3854 554 3913 Muneribus
567 3874 575 3925 ;
598 3865 795 3931 moeatamque
810 3854 943 3914 Evandri
957 3854 1069 3932 primus
1083 3854 1121 3912 ad
1136 3856 1240 3913 urbem

375 3946 513 4007 Mittatur
525 3948 638 4019 Pallas,
654 3968 743 4025 quem
756 3968 816 4007 non
831 3947 947 4006 virtutis
962 3956 1101 4025 egentem

375 4040 506 4100 Abstulit
520 4051 586 4100 atre
599 4041 674 4113 dies,
690 4051 721 4100 et
735 4042 839 4102 sunere
854 4042 956 4101 mersit
970 4042 1090 4100 acerbo.

416 4134 467 4191 Sic
481 4135 522 4193 sit
536 4136 738 4212 illacrymans,
754 4136 920 4213 recipitque
934 4134 972 4193 ud
987 4135 1088 4194 limine
1101 4154 1238 4214 gressum
1253 4154 1262 4207 ;

377 4225 496 4304 Corpus
510 4229 560 4285 ubi
574 4230 702 4288 exanimi
717 4231 843 4306 positum
856 4228 1003 4287 Pallantis
1016 4228 1143 4289 Aetates
1325 4229 1367 4287 8⁰

377 4320 522 4380 Servabat
535 4322 645 4393 senior,
662 4324 713 4399 qui
725 4323 887 4382 Parrhasio
905 4322 1047 4383 Evandro
