3167 5234
373 532 432 593 m
661 525 688 571 P.
706 524 872 573 VlRGlLll
893 524 1066 575 fflRONlS

377 665 476 734 Quive
490 664 547 725 viri
559 672 642 725 terto
655 661 831 743 complirint
844 664 964 743 egrm‘ne
978 664 1069 743 ripen.

337 772 342 802 ¹
375 760 455 817 Tum
469 768 554 837 peter
566 758 715 817 Anchises
729 777 737 815 ε
758 759 887 829 Anime,
903 758 1011 835 quibus
1025 759 1120 815 altere
1133 756 1194 817 leto

335 848 339 863 ’
377 852 515 932 Corpore
528 854 684 923 debentur,
699 852 817 913 Letbaei
830 852 868 911 ed
882 852 1010 911 fluminis
1028 852 1137 911 undem

325 1008 332 1027 ι
376 949 507 1007 Securos
521 947 627 1005 leticee
639 956 670 1005 et
683 946 774 1025 longe
785 948 896 1005 oblirie
914 940 1025 1024 pbtent.
1301 946 1362 1004 715

376 1040 446 1100 Hes
459 1040 776 1119 equidemmemorere
788 1041 853 1111 tibi,
870 1049 959 1117 etque
973 1039 1132 1099 ostendere
1145 1036 1257 1113 corint,

375 1134 447 1195 Jem
460 1136 574 1213 pridem
586 1137 664 1195 benc
677 1136 791 1213 prolem
805 1136 894 1212 cupio
906 1152 1084 1193 enumerere
1098 1152 1242 1207 meorum,

377 1228 448 1296 Quo
462 1228 558 1309 megis
572 1229 661 1288 ltelii
673 1248 790 1289 mecum
804 1230 906 1289 tmere
920 1226 1048 1305 reperti.

336 1327 343 1394 l
376 1322 405 1382 Ο
419 1329 515 1400 peter,
531 1342 608 1382 enne
622 1324 739 1398 eliques
752 1322 790 1381 ed
806 1323 915 1381 cmlum
928 1322 998 1380 binc
1011 1322 1055 1380 ire
1069 1321 1230 1399 putendum
1242 1326 1289 1381 est

335 1403 341 1521 Ἰ
376 1416 526 1475 Sublimes
539 1418 664 1489 enimn,
680 1417 847 1493 iterumque
861 1417 891 1475 in
904 1416 991 1475 terde
1005 1416 1114 1474 reverti
1301 1416 1361 1474 '120

377 1509 516 1587 Corpora
530 1509 542 1566 i
564 1509 642 1578 Ques
655 1510 733 1568 lucie
745 1511 863 1569 miseris
876 1518 937 1568 tem
951 1510 1016 1567 dire
1029 1508 1137 1587 cupido
1153 1508 1164 1566 i

376 1602 487 1662 Dicem
500 1604 638 1680 equidem
654 1623 662 1674 ;
685 1615 786 1662 necte
800 1622 988 1680 suspensum,
1004 1614 1083 1674 nete,
1097 1604 1207 1661 tenebo
1220 1620 1229 1673 ς

378 1697 507 1775 Suscipit
519 1698 680 1769 Anchises,
696 1706 786 1773 etque
800 1696 903 1755 ordine
917 1696 1035 1775 singule
1055 1696 1163 1773 pendit.

416 1790 567 1869 Principio
580 1791 690 1851 eoelum
704 1810 741 1850 ec
754 1801 862 1862 terres,
877 1808 1057 1867 composque
1071 1790 1229 1866 liquentes,

376 1881 603 1961 Lucentemque
617 1885 738 1962 globum
751 1886 840 1956 lunae,
855 1884 1035 1960 Titaniaque
1055 1892 1146 1954 estre,
1303 1882 1364 1941 725
1400 1904 1404 1915 ·

377 1977 504 2054 Spiritus
517 1977 598 2037 intus
610 1978 673 2049 elit,
687 1987 841 2055 totumque
855 1977 953 2036 infuse
967 1996 1021 2055 per
1034 1986 1117 2037 ertus

376 2069 466 2129 Mens
480 2071 574 2149 egitet
586 2072 704 2143 molem,
720 2078 750 2129 et
764 2090 874 2149 megno
886 2090 919 2129 se
934 2089 1059 2149 corpore
1073 2071 1188 2129 miscet.

377 2162 451 2222 Inde
465 2163 615 2223 bominum
630 2164 836 2243 pecudumque
850 2182 957 2243 genus,
975 2164 1103 2241 ritaeque
1117 2158 1279 2236 volentum,

376 2256 417 2317 Et
433 2277 499 2333 quer
513 2278 679 2317 marmoreo
692 2259 749 2317 fert
763 2266 895 2317 munstre
909 2260 965 2316 sub
980 2276 1099 2335 aequore
1114 2264 1230 2335 pontus.

377 2348 491 2428 lgneus
504 2360 550 2409 est
563 2351 631 2410 ollis
644 2352 731 2429 rigor
743 2360 773 2411 et
787 2351 921 2410 coeleetis
934 2351 1018 2429 origo
1302 2350 1364 2409 ⁷³0

378 2444 556 2517 Seminibus,
574 2445 717 2521 quentirm
730 2464 790 2503 non
803 2444 892 2502 noxie
906 2462 1032 2521 corpore
1045 2443 1176 2515 trudent,

377 2536 565 2615 Terrenique
579 2538 720 2597 hebetent
734 2547 818 2597 ertus
832 2536 1065 2614 moribundeque
1080 2538 1222 2597 membre.

378 2630 460 2690 Hinc
471 2640 605 2691 metuunt
615 2633 810 2710 cupiuntque,
823 2632 922 2691 dolent
933 2630 1124 2710 gaudentque
1139 2652 1147 2703 3
1163 2650 1262 2710 neque
1273 2649 1363 2693 eures

377 2724 558 2802 Dispiciunt,
574 2726 686 2783 eleusis
699 2726 832 2783 tenebris
846 2738 875 2783 et
894 2744 1018 2785 carcere
1033 2744 1125 2786 ceco.

378 2816 462 2885 Quin
475 2826 505 2877 et
518 2836 657 2895 supremo
671 2838 762 2895 quum
775 2818 885 2877 lumine
900 2819 960 2877 vite
977 2819 1107 2896 reliquit,
1303 2821 1363 2878 786

378 2911 408 2970 N
410 2931 449 2969 on
462 2920 562 2969 temen
576 2930 663 2969 omne
677 2912 788 2969 melum
801 2912 927 2983 miseris,
944 2932 1001 2971 nec
1015 2911 1145 2971 funditirs
1159 2930 1262 2973 omnes

348 2977 356 3097 J
379 3002 544 3081 Corporere
556 3004 704 3061 excedunt
725 3013 846 3081 pestes3
870 3004 1046 3082 penitirsque
1060 3024 1186 3065 necesse
1200 3014 1246 3066 est

378 3095 477 3155 Mults
489 3096 539 3155 diu
552 3106 695 3155 concrete
707 3098 802 3157 modis
815 3098 981 3157 inolescere
995 3099 1087 3158 miris.

378 3189 464 3268 Ergo
478 3200 657 3249 exercentur
671 3191 776 3269 poenis,
792 3198 987 3268 veterumque
1001 3193 1147 3251 melorum

377 3282 533 3361 Supplicia
546 3284 724 3360 expendunt.
766 3284 845 3343 Alie
861 3285 1029 3362 penduntur
1042 3286 1148 3345 inanes
1304 3289 1366 3346 740

380 3377 540 3453 Suspensae
555 3376 591 3435 ed
605 3384 731 3436 ventos:
753 3378 819 3437 eliis
833 3380 888 3437 sub
902 3380 1020 3457 gurgite
1034 3388 1119 3438 resto

380 3467 528 3527 Infectum
541 3470 650 3527 eluitur
663 3471 774 3541 scelus,
790 3480 841 3529 sut
855 3473 988 3531 exuritur
1002 3472 1064 3551 igni
1079 3492 1086 3531 ι

345 3549 352 3651 ἶ
381 3560 518 3639 Quisque
532 3581 603 3621 suos
617 3564 745 3640 petimur
755 3562 884 3634 Menee;
907 3565 1013 3625 exinde
1029 3586 1082 3644 per
1096 3567 1225 3644 emplum

340 3682 345 3692 ¹
378 3652 530 3715 Mittimur
542 3655 690 3732 Elysium,
706 3665 736 3715 et
750 3658 838 3734 peuci
853 3659 921 3718 laete
935 3676 1009 3717 erre
1022 3669 1157 3721 tenemus
1172 3679 1180 3719 τ

379 3746 487 3808 Donec
501 3749 592 3828 louge
604 3748 679 3821 dies,
696 3751 829 3827 perlecto
842 3753 983 3829 temporis
997 3756 1080 3825 orbe,
1305 3756 1365 3815 746

381 3840 564 3901 concretam
577 3844 685 3901 exemit
698 3844 806 3915 lebem,
823 3864 989 3922 purumque
1002 3846 1122 3925 reliquit

380 3934 554 3994 AEtherium
567 3956 698 4008 sensum,
715 3946 806 4014 etque
821 3944 906 3997 eurei
921 3940 1061 4017 simplicis
1076 3942 1185 4020 ignem.

379 4026 449 4085 Hes
463 4047 576 4099 omnes,
593 4030 643 4087 ubi
656 4031 736 4090 mille
750 4039 846 4091 rotem
860 4032 979 4091 volvire
994 4052 1048 4111 per
1061 4054 1166 4109 annos,

379 4120 536 4179 Lethreum
549 4122 588 4179 ed
607 4123 729 4183 fluvium
743 4124 817 4183 deus
831 4137 938 4185 evocet
952 4126 1069 4205 agmine
1084 4148 1194 4209 megno
1210 4150 1219 4203 3

380 4212 502 4272 Scilicet
516 4214 702 4275 immemores
714 4236 825 4296 supere
838 4225 869 4278 ut
883 4237 1018 4279 contexe
1031 4221 1163 4283 revisent
1306 4222 1369 4282 700

379 4306 511 4381 Rursus,
526 4318 557 4367 et
571 4308 712 4387 incipient
725 4310 756 4371 ie
768 4329 897 4390 corpore
910 4312 987 4373 velle
1002 4316 1122 4377 reverti.
