3167 5234
251 539 253 546 ’
346 571 385 630 23
633 561 660 611 r.
683 559 850 610 v1nn1n11
876 556 1048 608 usaorus

348 706 449 765 Strata
457 703 560 781 jacent
574 700 684 781 passim
697 719 754 761 sua
767 698 889 778 quiquo
902 701 958 757 snb
971 699 1080 756 arbona
1093 708 1181 774 poma
1194 713 1217 765 ;x

348 799 457 858 Omnia
470 817 549 856 nunc
562 797 658 856 ridant
673 815 680 854 :
704 803 745 867 at,
757 795 783 854 si
796 795 944 853 formosus
959 790 1061 850 Aiaxis

347 891 500 952 Montibus
513 891 559 950 his
574 892 671 962 about,
688 888 791 948 videas
804 895 835 946 at
848 885 970 945 flumina
982 885 1075 944 sicca.

770 1063 909 1104 sumis.

349 1171 425 1233 Aret
438 1189 534 1250 agan
557 1170 629 1229 vitio
643 1169 771 1228 moriana
785 1168 846 1225 s'dit
860 1166 939 1225 adria
952 1152 1066 1232 hostin

348 1266 442 1326 Libas
455 1263 626 1343 pampineas
639 1262 741 1322 invidit
760 1261 886 1320 onliibna
899 1259 1021 1316 umbras
1034 1275 1042 1314 ι

348 1356 492 1435 Phyllidis
503 1356 634 1415 'adventu
648 1362 757 1414 nostrae
771 1371 876 1413 namus
889 1368 976 1410 omna
990 1350 1107 1422 virebit,

305 1475 308 1482 ·
348 1451 467 1532 Jupiter
479 1459 509 1510 et
523 1451 591 1510 laeto
605 1450 766 1510 descendet
781 1450 923 1528 plurimus
936 1447 1031 1506 imbri.

767 1601 918 1694 courn'ort.

349 1731 482 1810 Populus
495 1729 612 1790 Aloidas
626 1727 807 1809 gratissima,
824 1729 892 1788 vitis
906 1728 1027 1800 Inacho,

348 1823 504 1884 Formosas
516 1832 631 1903 myrtus
645 1823 771 1894 Venari,
787 1841 843 1882 sna
856 1824 961 1881 laurea
975 1822 1091 1881 Phoebn
1105 1841 1114 1879 t

350 1917 465 1997 Phyllis
479 1926 557 1978 arunt
570 1918 688 1996 corylos
705 1937 713 1987 ;
736 1917 804 1975 ilias
817 1917 887 1975 dum
899 1916 1013 1993 Phyllis
1027 1915 1150 1988 amabit,

351 2013 380 2074 N
382 2032 418 2072 ac
431 2019 546 2090 myrtus
557 2012 657 2071 vincet
670 2011 800 2089 corylos,
815 2029 873 2068 neo
886 2010 989 2068 laurea
1002 2009 1119 2068 Phoebi.

772 2185 910 2226 THYRMS.

351 2293 501 2352 Fraxinus
515 2291 545 2350 in
558 2291 642 2352 silvis
655 2290 865 2369 pulchar-rima,
881 2291 967 2368 pisus
980 2291 1011 2348 in
1024 2288 1129 2362 hortis,

350 2385 483 2464 Populus
497 2385 527 2444 in
541 2383 649 2456 fluviis,
665 2385 748 2444 abias
763 2383 793 2442 in
807 2384 955 2443 montibus
969 2383 1037 2441 altis
1052 2401 1059 2440 ε

351 2479 467 2558 Soepiiis
482 2487 511 2538 at
524 2478 550 2537 si
562 2497 621 2550 ms,
636 2475 754 2555 Lycida
766 2477 905 2548 formosa,
920 2477 1046 2548 revisas,

351 2573 501 2632 Fraxinus
515 2571 545 2630 in
558 2572 641 2630 silvis
654 2571 740 2630 cedat
753 2571 817 2643 tibi,
834 2571 920 2649 pinus
934 2571 964 2628 in
977 2570 1079 2630 hortis.

755 2744 932 2809 MELIBOEUSf

352 2849 432 2910 Hac
446 2849 575 2922 memini,
591 2857 621 2908 et
634 2849 745 2908 rictum
757 2845 869 2906 frustra
881 2848 1063 2907 contendero
1074 2847 1216 2927 ThyrsIn.

356 2945 417 3023 [Ex
431 2944 482 3004 illo
495 2943 638 3022 Corydon
651 2942 796 3019 Corydon
809 2951 855 3002 est
867 2949 1001 3021 tompore
1015 2943 1126 3023 nobis]

687 3372 879 3440 ECLOGA
902 3320 1000 3438 vni.

686 3532 1008 3586 rnsnnscnu‘rms.

353 3679 526 3740 Pssrnaunr
538 3697 653 3738 musam
666 3678 813 3739 Damonis
825 3691 856 3738 ot
868 3679 1064 3757 Alphesiboei,

354 3772 512 3833 Immemor
525 3774 683 3832 herbarum
698 3792 772 3849 quos
786 3781 833 3831 ast
845 3772 952 3832 mirata
961 3773 1093 3850 juvenca

355 3864 527 3938 certantes,
542 3886 667 3943 qnorum
681 3865 857 3944 stupnsaotoe
871 3867 1002 3925 earmina
1015 3867 1132 3944 lyncas,

352 3958 394 4018 Et
407 3967 521 4018 mutata
534 3979 604 4020 suos
617 3957 791 4037 raquidrunt
804 3959 927 4018 flumina
936 3976 1043 4020 aursus
1058 3978 1067 4029 ;

353 4050 500 4112 Damonis
513 4072 627 4112 musam
640 4053 774 4113 dicamus
788 4060 818 4112 ut
831 4052 1026 4130 Alphesiboei.
1083 4097 1087 4104 .
1317 4049 1340 4112 ὅ

393 4146 442 4204 Tu
456 4145 537 4218 mihi,
553 4159 608 4205 seu
621 4147 721 4225 magni
735 4164 861 4224 superas
870 4147 933 4223 jam
945 4164 1020 4206 saxa
1030 4144 1161 4220 Timavi,

355 4239 425 4300 Siva
438 4257 522 4298 oram
536 4238 649 4317 lllyrici
662 4239 738 4319 logis
753 4241 882 4317 aeqnoris
895 4260 904 4311 3
927 4258 966 4298 on
978 4239 1035 4298 arit
1048 4244 1180 4317 unquam

317 4377 320 4388 .
355 4335 412 4395 Illo
426 4334 500 4408 dias,
515 4335 587 4394 mihi
601 4353 691 4413 quum
704 4335 794 4395 licent
807 4334 974 4396 uindicare
988 4335 1092 4395 facta?

354 4429 404 4490 En
418 4429 484 4503 erit,
499 4437 532 4490 ut
545 4429 635 4490 licant
648 4438 741 4490 totum
754 4430 828 4490 nihi
840 4431 920 4491 sarra
931 4447 987 4509 par
999 4431 1103 4490 urban
1199 4430 1203 4435 ’
