3167 5234
315 620 340 656 r·
358 600 366 615 ,
599 529 774 603 enerues
793 555 864 603 ars.
879 553 915 602 11.

261 694 406 765 Perfusus
418 694 504 753 sanie
518 694 608 753 vittas
622 701 747 771 atroque
761 712 878 753 veneno
891 712 899 764 3

262 788 421 849 Clamores
434 788 522 847 abnui
536 788 700 846 borrendos
713 787 752 845 ad
765 788 866 847 sidera
878 788 954 847 tollit
969 806 976 845 :

261 882 378 950 Quales
391 882 534 959 mugitus,
549 882 624 959 sugit
639 899 729 957 quum
741 882 864 940 saucius
878 900 961 941 aram
984 922 987 935 .

260 976 392 1046 Taurus,
408 984 440 1033 et
452 976 598 1033 incertam
611 974 742 1033 excussit
756 976 876 1033 cervice
890 974 1028 1035 securim.

259 1070 298 1127 At
311 1068 425 1146 gemini
439 1069 526 1146 lapsu
539 1068 665 1127 delubra
678 1069 715 1127 ad
730 1087 846 1127 summa
859 1068 1006 1129 dracones

258 1161 428 1240 Edugiunt,
444 1180 594 1237 meaeque
608 1169 711 1239 petunt
724 1161 888 1220 Tritonidis
904 1180 1003 1221 arcem
1018 1181 1027 1233 3

260 1256 322 1313 Sub
340 1255 525 1331 pedibusque
540 1255 616 1325 dem,
632 1254 790 1331 clypeique
805 1257 860 1313 sub
874 1257 946 1313 orbe
960 1262 1110 1333 teguntur.

223 1337 256 1353 ⁹
297 1348 378 1406 Tum
391 1347 463 1405 verb
476 1347 653 1405 tremefacta
673 1366 768 1405 novus
782 1366 836 1423 per
850 1356 972 1424 pectora
986 1350 1103 1409 cunctis

259 1440 395 1500 Insinuat
409 1460 503 1518 pavor
519 1460 527 1509 ;
550 1448 581 1497 et
595 1441 695 1498 scelus
708 1440 885 1518 expendisse
899 1449 1063 1501 merentem

259 1533 434 1592 Laocoonta
452 1533 561 1604 serunt,
577 1552 697 1591 sacrum
711 1534 762 1609 qui
775 1533 899 1610 cuspide
913 1535 1003 1593 robur

257 1624 396 1696 Laeserit,
413 1635 443 1683 et
456 1635 544 1703 tergo
557 1626 736 1684 sceleratam
750 1626 900 1684 intorserit
913 1626 1040 1685 hastam.

257 1718 439 1778 Ducendum
452 1719 490 1777 ad
507 1719 596 1777 sedes
609 1719 810 1791 simulacrum,
827 1719 999 1795 orandaque
1014 1718 1089 1779 divae

149 1803 156 1813 ¹
256 1811 286 1873 N
289 1814 391 1871 nmina
405 1812 604 1874 conclamant.

223 1894 426 1999 (Dividimus
438 1924 551 1977 muros,
566 1915 596 1964 et
610 1906 720 1966 moenia
735 1907 889 1985 pandimus
904 1908 994 1967 urbis.

255 2001 429 2078 Accingunt
442 2019 546 2059 omnes
563 2000 656 2077 operi,
674 2001 858 2078 pedibusque
876 2009 1008 2061 rotarum

257 2094 423 2170 subjiciunt
437 2094 550 2170 lapsus,
566 2103 597 2151 et
609 2101 736 2171 stuppea
750 2094 870 2153 vincula
884 2095 962 2153 collo

258 2184 428 2246 intendunt.
471 2188 595 2248 Scandit
613 2188 712 2246 fatalis
725 2188 865 2247 machina
877 2207 988 2261 muros,

256 2279 346 2339 Foeta
359 2280 451 2339 armis
466 2299 474 2337 ε
497 2282 581 2358 pueri
595 2280 707 2339 circirm
722 2281 914 2359 innuptaeque
928 2282 1035 2359 puellas

257 2373 352 2432 Sacra
369 2383 492 2445 canunt,
508 2374 668 2449 funemque
681 2392 771 2431 manu
785 2374 960 2452 contingere
974 2374 1114 2453 gaudent.

257 2466 314 2525 llla
326 2467 417 2537 subit,
432 2466 599 2542 mediaeque
612 2467 729 2525 minans
746 2467 878 2526 illabitur
892 2468 967 2527 urbi.

256 2558 285 2618 Ο
297 2560 397 2638 patria
411 2563 419 2617 l
440 2580 458 2618 o
472 2558 571 2617 diviim
584 2559 690 2619 domus
703 2559 791 2619 Ilium
806 2563 813 2617 l
836 2568 865 2617 et
883 2560 996 2637 inclyta
1010 2562 1088 2621 bello

256 2651 374 2711 Moenia
386 2649 616 2711 Dardaniddml
639 2660 746 2729 qnater
758 2654 824 2730 ipso
838 2653 867 2711 in
881 2653 981 2713 limine
996 2664 1088 2732 portic

258 2746 405 2817 Substitit,
421 2754 511 2823 atque
525 2754 612 2805 utero
625 2746 753 2805 sonitum
767 2755 875 2823 quater
888 2766 973 2806 arma
987 2745 1108 2809 dedere.

258 2836 408 2897 Instemus
419 2848 520 2898 tamen
538 2839 736 2911 immemores,
753 2841 886 2917 caecique
902 2841 1013 2912 furore,

257 2930 297 2991 Et
310 2942 474 2991 monstrum
493 2932 594 2991 infelix
607 2931 729 2992 sacrati
742 2934 873 2993 sistimus
887 2952 967 2993 arce.

257 3024 345 3100 'lunc
359 3026 451 3083 etiam
463 3026 533 3083 fatis
547 3026 640 3103 aperit
654 3026 829 3085 Cassandra
842 3028 949 3087 suturis

256 3117 330 3189 Ora,
346 3118 395 3176 dei
410 3118 498 3194 jussu
510 3136 571 3177 non
584 3138 717 3195 unquam
730 3120 845 3181 credita
857 3119 996 3181 Teucris.

256 3210 322 3270 Nos
335 3211 461 3269 delubra
473 3208 561 3271 deirm
574 3212 685 3286 miseri,
700 3213 807 3288 quibus
822 3214 941 3273 ultimus
955 3222 1035 3275 esset

258 3303 312 3361 ille
326 3304 401 3375 dies,
417 3303 495 3363 sesti
508 3306 643 3364 velamus
656 3305 760 3363 fronde
775 3325 830 3382 per
844 3308 956 3366 urbem.

294 3396 432 3457 Vertitur
445 3398 560 3457 interea
572 3399 694 3469 coelum,
711 3407 740 3456 et
757 3400 816 3457 ruit
831 3418 944 3457 oceano
958 3419 1026 3472 nox,

257 3489 417 3549 involvens
431 3491 537 3551 umbrd
552 3491 665 3569 magud
676 3501 858 3569 terramque,
875 3494 1044 3571 polumque,

256 3582 535 3661 Myrmidonumque
549 3585 633 3645 dolos
650 3604 657 3642 :
681 3585 740 3644 fusi
754 3606 808 3663 per
821 3588 931 3645 moenia
944 3586 1058 3645 Teucri

238 3673 243 3681 ’
258 3674 441 3737 Conticuere
456 3697 464 3747 ;
487 3698 577 3755 sopor
590 3678 685 3737 sessos
698 3680 905 3757 complectitur
919 3688 1011 3739 artus.

236 3760 261 3785 ““
273 3764 284 3793 ·”
298 3771 336 3828 m
352 3770 416 3847 jam
429 3773 545 3849 Argiva
558 3772 686 3849 phalanx
700 3772 852 3833 instructis
866 3772 993 3831 navibus
1006 3772 1069 3832 ibat

255 3862 287 3923 A
298 3864 435 3935 Tenedo,
451 3866 551 3923 tacitae
565 3884 618 3942 per
632 3866 731 3924 amica
743 3866 864 3925 silentia
876 3866 955 3925 lunae

256 3956 373 4015 Littera
390 3966 461 4016 nota
474 3966 600 4035 petens;
622 3958 756 4017 dammas
770 3978 861 4035 quum
874 3958 959 4035 regin
972 3959 1078 4039 puppis

256 4048 424 4121 Extulerat,
440 4051 568 4127 satisque
583 4050 670 4111 deam
684 4052 825 4110 defensus
839 4052 948 4129 iniquis
991 4074 994 4083 ¹

256 4139 394 4201 Inclnsos
408 4152 493 4202 utero
505 4144 632 4204 Danaos
644 4154 675 4203 et
689 4146 777 4222 pinea
791 4145 890 4203 furtim

254 4232 353 4293 Laxat
366 4236 500 4297 claustra
513 4238 615 4298 Sinon.
658 4238 731 4318 Illos
745 4240 912 4316 patefactus
927 4239 964 4299 ad
978 4259 1069 4301 auras

254 4326 367 4387 Reddit
380 4348 478 4406 equus
492 4350 501 4401 ;
525 4332 644 4410 latique
659 4351 781 4392 caveae
795 4335 903 4393 robore
917 4323 1054 4412 promunt
