3167 5234
576 520 775 570 sueones.
805 519 889 568 BCl..
908 519 938 566 V.

692 737 823 780 Morsus.

265 843 311 905 'l'u
326 846 431 922 major,
447 845 501 906 tibi
514 865 561 904 me
572 853 617 904 ast
631 863 749 921 aequum
764 861 881 922 parere,
898 840 1058 900 Menalca:

265 940 334 998 Sive
348 940 549 999 subiacentes
563 938 712 1016 Zephyris
726 937 908 997 motantibus
922 934 1054 1005 umbras,
1232 933 1253 992 d

265 1034 333 1094 Sive
349 1043 434 1092 antro
449 1032 546 1111 potiirs
560 1033 770 1092 succedimus:
786 1031 920 1108 adspice,
936 1037 968 1089 ut
982 1037 1101 1088 antrum

266 1126 416 1186 Silvestris
430 1127 507 1186 raris
521 1127 629 1204 sparsit
643 1127 784 1186 labrusca
798 1124 936 1183 racemis.

673 1290 847 1330 nanticus.

265 1379 418 1439 Montibus
430 1381 460 1440 in
474 1381 583 1439 nostris
598 1380 679 1440 solus
692 1380 745 1438 tibi
759 1378 853 1438 certet
868 1382 1023 1457 Amyntas.

695 1531 824 1572 uorsus.

268 1621 358 1695 Quid,
374 1621 400 1680 si
412 1622 491 1681 idem
504 1629 600 1682 certet
613 1621 758 1681 Phoebum
773 1640 917 1698 superare
932 1619 1067 1680 canendo
1081 1621 1093 1678 l

669 1770 845 1812 manaseas.
1003 1822 1008 1836 ι

243 1933 248 1943 ‚
267 1860 380 1940 Incipe,
396 1859 514 1940 Mopse,
531 1861 631 1940 prior:
654 1862 680 1920 si
695 1881 770 1937 quos
783 1870 834 1919 aut
849 1861 995 1938 Phyllidis
1007 1860 1104 1940 iguem

265 1958 325 2015 Aut
339 1953 464 2016 Alconis
478 1955 570 2014 habes
585 1955 697 2026 laudes,
714 1965 765 2013 aut
776 1955 878 2034 jurgia
893 1956 997 2016 Codri.

266 2049 367 2127 Incipe
382 2069 390 2122 ;
408 2058 564 2128 pascentes
578 2049 708 2108 servabit
721 2049 846 2126 Tityrus
859 2050 970 2111 haedos.

693 2225 823 2268 Morsus.

267 2329 358 2390 Immo
372 2331 449 2404 haec,
464 2287 497 2389 ini
509 2329 594 2390 viridi
609 2351 703 2408 nuper
717 2351 784 2407 quar
800 2333 913 2391 cortice
927 2333 991 2412 sagi

268 2424 410 2486 Carmina
423 2423 578 2502 descripsi,
594 2433 623 2482 et
638 2425 792 2483 modulans
807 2426 924 2484 alterna
937 2426 1050 2498 notavi,

267 2517 430 2597 Experiar:
452 2527 485 2577 tu
499 2518 606 2576 deinde
616 2518 720 2594 jubeto
734 2525 830 2576 certet
842 2520 1002 2596 Amyntas.
1219 2521 1255 2582 16

674 2693 847 2735 Mauricas.

269 2798 364 2860 [cata
377 2797 454 2860 salix
468 2800 609 2878 quantum
623 2801 745 2878 pallenti
759 2800 838 2860 cedit
851 2801 949 2874 olivae,

268 2893 407 2953 Puniceis
422 2894 541 2954 humilis
555 2895 697 2971 quantitm
712 2895 849 2954 saliunca
863 2895 971 2954 rosetis
985 2914 994 2966 ;

268 2987 388 3048 Judicio
401 2997 503 3048 nostro
517 2987 631 3048 tautirm
645 2989 698 3047 tihi
713 2987 791 3047 cedit
807 2989 964 3067 Amyntas.

694 3109 823 3207 MOPSiIS.

268 3271 326 3330 Sed
340 3279 373 3329 tu
387 3269 489 3330 desine
504 3271 599 3348 plura,
616 3290 690 3348 puer
705 3291 713 3340 ;
737 3272 939 3330 successimus
953 3279 1049 3332 antro.

305 3363 494 3422 Exstinctum
507 3365 536 3423 N
537 3363 653 3442 ymphae
668 3366 781 3423 crudeli
793 3366 897 3423 sunere
911 3365 1053 3444 Daphnin
1216 3365 1259 3424 20

267 3457 416 3516 Flebant:
432 3477 496 3529 ros,
513 3457 617 3534 coryli,
634 3467 735 3530 testes,
752 3467 781 3516 et
796 3458 928 3531 flumina,
944 3457 973 3518 N
974 3456 1116 3537 ymphis3

270 3550 380 3623 Quum,
397 3551 550 3628 complexa
565 3551 611 3610 sui
624 3571 734 3629 corpus
747 3552 918 3611 miserabile
932 3553 1005 3626 nati,

270 3642 370 3721 Atque
385 3645 457 3704 deos
472 3653 561 3721 etque
576 3654 658 3704 astra
669 3654 756 3704 vocat
771 3645 907 3704 crudelia
920 3656 1025 3705 mater.

269 3737 299 3798 N
300 3759 337 3796 on
353 3739 404 3797 ulli
418 3747 519 3816 pastos
536 3739 594 3797 illis
608 3738 699 3816 agira
712 3739 819 3798 diebus

270 3831 404 3910 Frigida,
415 3832 548 3910 Daphni,
562 3835 654 3892 boves
669 3833 706 3892 ad
720 3834 864 3903 flumine3
880 3833 964 3892 nulla
977 3850 1075 3910 neque
1089 3851 1206 3894 mnam
1218 3836 1259 3894 25

269 3923 391 3986 Libavit
405 3926 584 4004 quadrupes,
600 3946 657 3986 nec
671 3928 814 4003 graminis
828 3927 925 4004 attigit
940 3927 1073 3988 herbam.

270 4017 402 4095 Daphni,
417 4029 500 4078 tuum
513 4019 624 4080 Poenos
638 4020 726 4079 etiarn
743 4021 923 4098 ingemuisse
936 4024 1039 4084 leones

272 4109 436 4183 interitum,
453 4121 628 4190 montesque
642 4113 698 4172 feri
712 4113 854 4191 silvaque
868 4117 1039 4193 loquuntur.

270 4203 407 4282 Daphnis
422 4214 452 4264 et
464 4207 624 4266 Armenias
637 4225 727 4266 curru
743 4208 926 4287 subjungere
939 4212 1035 4290 tigres

271 4295 413 4371 Instituit,
427 4299 565 4380 Daphnis
578 4299 692 4360 thiasos
706 4301 848 4362 inducere
862 4304 988 4378 Bacchi,
1221 4310 1262 4368 80
