3167 5234
557 556 735 612 enerues
755 558 871 615 eran
1149 566 1209 635 279

259 697 326 757 Nec
338 696 476 757 Turnum
489 696 592 775 segnis
603 697 712 759 retinet
724 716 809 763 more
822 716 830 768 ς
854 696 908 757 red
922 696 999 776 rapit
1012 716 1085 767 seer

218 790 328 850 Totam
342 791 437 853 seiam
450 791 482 852 in
494 791 643 863 Teucros,
658 801 689 854 et
704 793 812 853 contra
825 792 855 851 in
869 793 967 854 littore
980 792 1066 855 sistit.

219 884 312 963 Signa
325 894 446 945 canunt.
488 884 608 947 Primus
619 895 734 948 turmas
747 886 856 947 invasit
869 894 1006 963 agrestes

217 977 348 1050 AEneas,
363 997 452 1038 omen
464 998 585 1057 pugne,
601 980 765 1056 stravitque
778 978 916 1052 Latinos,

217 1072 328 1133 Occiso
340 1075 493 1146 Therone,
508 1072 605 1135 viriim
619 1076 670 1153 qui
683 1076 828 1138 maximus
844 1076 923 1135 ultro

104 1158 111 1167 ’
216 1166 342 1226 AEnean
358 1169 452 1246 petit:
474 1168 545 1228 huic
559 1169 669 1247 gladio,
685 1189 799 1247 perque
815 1188 895 1231 aerea
913 1177 990 1242 suta,

216 1257 277 1318 Per
289 1262 422 1319 tunicam
437 1262 623 1338 squalentem
638 1282 723 1335 auro,
738 1263 818 1321 latus
831 1263 929 1323 heurit
944 1254 1106 1341 apertum*

217 1350 290 1415 Inde
303 1353 421 1413 Lichan
434 1354 513 1427 ferit,
529 1364 685 1416 exsectum
693 1355 757 1433 jam
770 1362 865 1416 matre
880 1356 1042 1435 perempti,
1148 1358 1208 1420 ³16

214 1444 256 1503 Et
267 1446 332 1518 tibi,
348 1446 473 1519 Phoebe,
489 1466 619 1520 sacrum,
634 1468 725 1512 cesus
737 1448 868 1509 eredere
882 1448 969 1515 ferri,

163 1600 168 1609 ,
215 1537 307 1605 Qudd
320 1539 403 1599 licuit
416 1560 518 1617 perro.
560 1542 627 1603 Neo
641 1542 731 1620 longe
745 1541 856 1601 Cissea
869 1540 986 1615 durum,

215 1628 437 1710 Immsnemqua
450 1634 551 1712 Gyan,
567 1644 737 1695 sternentes
750 1635 871 1713 agmina
886 1633 984 1707 clevi,

214 1723 335 1801 Dejecit
348 1727 417 1787 leto.
460 1728 543 1791 Nihil
556 1730 624 1789 illos
637 1728 783 1788 Herculis
798 1746 892 1801 arms,

213 1816 282 1879 Nec
297 1820 402 1879 validm
412 1820 520 1897 juvire
533 1841 650 1895 manus,
666 1823 845 1900 genitorque
858 1820 1039 1899 Melampus,
1146 1820 1206 1881 ³20

213 1910 329 1971 Alcides
342 1932 455 1988 eomes,
471 1935 566 1992 usque
582 1935 693 1994 graves
706 1915 777 1975 dum
790 1924 874 1975 terre
887 1916 1007 1975 labores

213 2004 356 2066 Praebuit.
397 2008 482 2067 Ecce
491 2009 606 2083 Pharo,
622 2028 714 2068 voces
727 2009 798 2067 dum
807 2010 904 2086 jactat
919 2009 1041 2079 inertes,

212 2097 392 2178 latorquens
401 2104 535 2180 jaculum
549 2104 690 2169 clamanti
704 2104 780 2163 sistit
796 2104 825 2163 in
841 2122 903 2162 ore.

212 2191 261 2252 'l'u
276 2214 406 2272 quoque,
422 2196 583 2261 flaventem
597 2197 693 2275 primii
704 2197 848 2275 lanugine
862 2196 958 2255 meles

212 2285 294 2356 Dum
307 2290 444 2366 sequeris
458 2288 592 2367 Clytium
605 2290 716 2363 infelix,
732 2310 811 2349 nova
824 2289 947 2368 gaudia,
963 2287 1083 2367 Cydon,
1143 2290 1204 2352 886

211 2378 369 2440 Dardanii
380 2391 493 2441 stratus
505 2382 621 2454 dextri,
637 2402 765 2443 securus
779 2401 924 2453 amorum,

213 2471 274 2540 Qui
283 2476 427 2551 juvenum
439 2476 494 2536 tihi
506 2497 626 2555 semper
637 2484 735 2549 erant,
750 2475 929 2547 miserande,
941 2475 1073 2552 jaceres,

210 2566 251 2625 Ni
265 2567 391 2631 hotrum
403 2571 513 2649 stipata
527 2571 636 2631 cohors
649 2571 726 2629 foret
739 2570 838 2643 obvia,
853 2568 964 2629 Phorci

211 2659 377 2740 Progenies
390 2683 399 2733 3
420 2672 536 2742 septem
549 2684 674 2723 numero
687 2671 872 2742 septenaque
887 2663 949 2721 tela

212 2752 407 2831 Conjiciunt:
430 2758 537 2833 purtim
549 2756 641 2835 galeri
653 2758 820 2835 clypeoque
838 2756 984 2815 resultant
1142 2758 1203 2818 880

211 2844 300 2906 Irrita
316 2868 324 2919 ;
348 2848 468 2912 deflerit
483 2850 592 2927 partim
605 2850 783 2928 stringentia
797 2868 906 2927 corpus

210 2942 297 2999 Alma
310 2942 428 3003 Venus.
470 2943 578 3003 Fidum
591 2944 712 3003 AEness
726 2943 836 3001 effatur
848 2943 989 3001 Achaten
1004 2960 1011 3001 :

211 3034 347 3113 Suggere
359 3038 422 3095 tels
434 3037 517 3107 mihi,
532 3057 591 3095 non
606 3038 698 3095 ullum
711 3037 837 3097 dextere
851 3036 962 3097 frustra

209 3126 344 3187 Torserit
357 3130 388 3187 in
401 3130 543 3202 Rutulos,
559 3136 704 3189 steterunt
720 3150 787 3206 quaa
802 3130 831 3189 in
851 3149 978 3209 corpore
992 3126 1120 3193 Graiium

209 3218 310 3291 Iliacis
323 3225 446 3300 eampis.
487 3224 567 3281 Tum
580 3242 718 3301 megum
731 3225 853 3301 corripit
868 3225 995 3299 hastam,
1138 3226 1198 3284 ³³6

190 3313 248 3371 ·Et
257 3315 332 3390 jacit
347 3334 354 3372 :
377 3316 429 3374 ills
441 3317 545 3376 volsus
559 3317 658 3393 clypei
672 3320 896 3376 transverberet
911 3338 973 3377 mro

208 3405 344 3479 Maeonis,
360 3416 390 3467 et
403 3410 528 3469 thereos
541 3410 629 3470 simul
642 3428 712 3469 cum
724 3420 846 3488 pectore
860 3411 978 3489 rumpit.

206 3498 292 3559 Huic
304 3502 399 3561 trater
411 3503 490 3563 subit
504 3502 649 3574 Alcanor,
665 3503 849 3580 trstremque
864 3512 1001 3563 ruentem

208 3594 361 3653 Sustentat
375 3594 482 3657 dextri
496 3615 504 3653 ε
525 3598 652 3673 trajecto
666 3598 758 3655 missa
771 3597 887 3656 lacerto

206 3686 355 3755 Protenus
369 3689 457 3748 hesta
470 3690 556 3769 fugit,
572 3699 734 3767 servetque
750 3700 877 3749 cruenta
889 3700 1024 3750 tenorem
1039 3709 1047 3763 3
1137 3692 1198 3751 ³⁴0

205 3779 402 3859 Dextersque
416 3802 455 3841 ex
467 3784 592 3842 humero
604 3784 705 3843 nervis
718 3782 895 3842 moribunda
909 3782 1057 3861 pependit.

205 3872 285 3933 Tum
298 3874 447 3948 Numitor,
459 3877 562 3953 jaculo
575 3877 677 3935 fratris
691 3876 728 3935 de
742 3895 868 3954 corpore
883 3883 978 3954 repto,

206 3962 327 4025 AEnean
340 3970 424 4045 petiit
440 3990 448 4039 3
471 3969 526 4029 sed
539 3988 598 4028 non
613 3979 643 4027 et
657 3970 750 4048 figere
764 3970 871 4027 contri

203 4058 262 4117 Est
275 4059 399 4133 licitum,
415 4064 576 4141 magnique
590 4062 686 4120 lemur
699 4062 870 4139 perstrinxit
883 4062 1019 4123 Achate.

204 4150 270 4213 Hic
283 4152 427 4227 Curibus,
442 4156 538 4215 tideus
552 4156 691 4234 primevo
705 4174 843 4232 corpore,
860 4155 992 4215 Clausus
1133 4158 1193 4221 ³45

203 4244 344 4319 Advenit,
359 4257 388 4307 et
403 4248 503 4327 rigide
514 4251 669 4328 Dryopem
682 4248 750 4308 ferit
763 4250 879 4307 eminus
894 4248 982 4309 hasti

203 4338 267 4399 Sub
280 4348 423 4415 mentum,
439 4344 572 4423 graviter
585 4341 700 4423 pressi,
714 4344 885 4422 pariterque
900 4344 1047 4423 loquentis
