3167 5234
555 538 731 587 AENEIDOS
749 540 820 587 ΜΒ.
834 538 896 587 vn.

232 674 330 733 chu
343 675 444 734 volnt:
466 674 628 753 Furiisque
642 696 789 736 accensos
803 686 924 755 pectore
938 684 1049 737 matres

219 768 316 827 ·Idem
331 788 435 827 omnes
448 769 535 827 simul
549 769 638 827 ordor
653 771 725 847 egit,
741 790 820 829 nove
835 791 971 848 quoerere
984 779 1075 831 tecte.

233 859 406 921 Deseruere
420 862 544 919 domos:
565 864 661 921 ventis
674 863 746 921 dent
759 864 839 923 colla
852 883 1022 941 comesque.
1041 880 1046 919 t

232 956 289 1013 Ast
303 955 371 1015 slim
384 954 519 1013 tremulis
533 956 693 1014 ululatibus
706 956 820 1015 ethere
834 958 992 1034 complent,

232 1047 471 1125 Pompinessque
485 1049 745 1127 gerunt-incinctis
759 1050 887 1127 pellibus
902 1050 1013 1109 hastos.

234 1140 304 1217 Ipse
318 1141 395 1200 inter
408 1142 520 1200 medius
535 1143 711 1219 flagrantem
725 1143 840 1201 fervide
854 1144 953 1219 pinum

235 1234 377 1306 Sustinet,
393 1253 430 1293 uc
444 1243 522 1293 netae
536 1235 692 1312 Turnique
706 1236 785 1321 canit
800 1236 981 1313 hymeneos,

235 1328 437 1404 Sanguineam
449 1336 592 1404 torquens
606 1328 702 1387 sciem
717 1348 725 1398 ;
747 1338 924 1405 torvumque
937 1329 1061 1407 repente

233 1418 354 1479 Clamet
369 1438 376 1476 τ
399 1420 434 1478 lo
447 1430 568 1493 metues,
582 1421 694 1494 cudite,
710 1422 912 1499 ubiquaque,
927 1421 1067 1493 Latium

235 1513 266 1571 Si
280 1532 340 1590 quo
352 1513 409 1591 piis
423 1514 529 1573 animis
541 1524 640 1573 munet
654 1515 781 1573 infelicis
795 1517 911 1573 Amstae

233 1606 351 1679 Gratia,
367 1608 393 1665 si
409 1607 486 1684 juris
499 1609 626 1667 materni
640 1628 714 1667 cure
726 1609 875 1667 remordet
888 1628 896 1678 ;

234 1700 344 1758 Solvite
359 1701 488 1761 crinales
502 1702 601 1773 vittas,
617 1703 714 1779 capite
728 1702 815 1779 orgis
828 1720 954 1761 mecum.

272 1793 379 1852 Talem
392 1794 469 1853 iuter
482 1794 583 1866 silves,
599 1796 676 1853 inter
688 1794 808 1852 deserta
823 1794 963 1866 serarum,

233 1886 383 1965 Reginam
397 1888 514 1946 Allecto
528 1888 654 1946 stimulis
667 1889 730 1965 egit
744 1888 874 1963 undiquc
888 1886 1011 1946 Bacchi.

233 1980 395 2057 Postquam
409 1982 472 2040 viss
484 1971 558 2039 setis
572 1981 682 2059 primos
695 1982 815 2040 acuisse
830 1982 956 2053 furores,

234 2072 459 2151 Consiliumque
473 2094 648 2151 omnemque
663 2074 781 2133 domum
795 2075 920 2133 vertisse
934 2073 1035 2134 Letini
1049 2093 1058 2145 ς

233 2166 381 2225 Proteuus
394 2168 464 2227 hinc
478 2168 570 2226 suecis
582 2167 675 2226 tristis
689 2167 746 2226 dee
759 2168 872 2226 tollitur
886 2168 941 2225 slis

233 2260 365 2319 Audacis
379 2261 483 2319 Rutuli
498 2260 536 2319 ed
549 2280 650 2319 muros
662 2280 669 2330 ;
695 2281 784 2338 quem
799 2261 907 2319 dicitur
921 2262 1025 2319 urbem

232 2354 417 2413 Acrisioneis
428 2354 536 2413 Danae
549 2355 689 2413 lundlsse
704 2356 829 2426 colonis,

232 2447 383 2524 Proecipiti
397 2447 496 2505 deleto
509 2449 538 2506 N
541 2457 599 2507 oto.
639 2448 743 2507 Locus
756 2448 859 2506 Ardea
874 2447 1023 2523 quondum

232 2539 341 2599 Dictus
355 2542 433 2613 avis,
444 2550 474 2599 et
486 2561 567 2600 nunc
580 2561 721 2619 magnum
732 2550 833 2599 menet
847 2540 952 2599 Ardea
965 2559 1072 2601 nomon
1085 2559 1093 2611 ;

234 2634 293 2691 Sed
305 2634 423 2693 fortune
436 2635 498 2693 suit.
539 2635 644 2695 Tectis
657 2633 707 2693 hic
719 2634 842 2693 Turnus
856 2634 886 2693 in
898 2634 966 2693 eltis

231 2726 302 2785 Jnm
315 2727 441 2785 medium
454 2726 542 2807 nigri
555 2729 698 2807 carpebat
712 2737 800 2785 nocte
816 2728 955 2803 quietem.

230 2820 349 2879 Allecto
362 2830 476 2879 torvum
491 2821 597 2879 taciem
611 2829 641 2879 et
654 2821 772 2879 furialis
785 2822 921 2879 membre

231 2913 343 2971 Exuit:
365 2914 395 2971 in
408 2915 508 2972 vultus
521 2933 590 2973 sese
603 2914 792 2973 transformet
807 2914 912 2985 aniles,

231 3006 271 3064 Et
286 3007 411 3065 frontem
424 3009 597 3067 obscoenem
610 3008 694 3086 rugis
709 3016 773 3065 eret
787 3027 795 3077 ;
819 3007 913 3066 induit
926 3007 1011 3067 cibos

232 3098 508 3159 conversoriam
522 3121 530 3171 ;
553 3109 616 3159 tum
629 3121 742 3161 remum
756 3101 879 3159 innectit
893 3102 988 3161 olive.

230 3194 279 3253 Fit
295 3195 423 3274 Calybe,
437 3197 566 3255 Junouis
579 3216 654 3255 unus
667 3196 828 3273 templique
842 3196 1005 3256 sacerdos:

230 3288 270 3348 Et
279 3290 385 3365 juveni
398 3300 467 3350 ante
481 3292 586 3350 oculos
599 3291 646 3349 his
659 3310 692 3349 se
706 3310 775 3349 cum
789 3290 912 3349 vocibus
926 3291 1034 3349 offert:

269 3382 385 3455 Turne,
400 3392 443 3441 tot
456 3385 607 3443 incessum
622 3384 703 3443 fusos
717 3382 831 3461 petiere
845 3384 975 3455 labores,

230 3474 270 3533 Et
283 3484 336 3533 tue
349 3476 512 3535 Dardaniis
525 3477 684 3535 transcribi
697 3486 818 3553 sceptra
832 3474 945 3533 colonis
959 3475 971 3531 ‚²

229 3568 299 3627 Rex
312 3569 366 3627 tibi
378 3570 549 3648 conjugium
563 3579 593 3628 et
607 3570 748 3647 quesitas
761 3570 906 3647 sunguine
921 3568 1005 3627 dotes

229 3660 384 3739 Abneget,
399 3672 598 3739 externusque
613 3664 642 3721 in
656 3682 781 3741 regnum
797 3663 939 3739 quaeritur
951 3662 1058 3731 huores.

229 3754 242 3812 1
257 3775 350 3827 nunc,
366 3756 491 3834 ingratis
503 3758 579 3817 offer
591 3767 632 3829 te,
647 3758 745 3827 irrise,
760 3757 900 3833 periclis3

228 3847 416 3925 Tyrrhenos,
432 3851 452 3921 i,
468 3860 568 3910 sterne
583 3852 683 3919 ecies;
706 3860 776 3927 tege
789 3868 864 3926 pace
882 3849 1016 3909 Latinus.

228 3943 308 4003 Haec
323 3945 399 4003 adeo
414 3946 468 4003 tibi
480 3966 539 4017 me,
554 3944 673 4023 placidi
688 3963 778 4020 quum
790 3954 878 4003 nocte
896 3944 1027 4019 jaceres,

229 4037 301 4115 lpse
314 4040 412 4116 palem
426 4039 484 4098 feri
496 4040 680 4116 omnipotens
694 4038 835 4097 Saturnis
851 4038 949 4113 jussit.

230 4130 333 4197 Quare
348 4152 417 4210 ege,
434 4146 464 4190 et
478 4133 587 4191 ormari
600 4134 707 4209 pubem
720 4133 871 4210 portisque
886 4131 1007 4205 moveri,

227 4222 331 4283 Lautus
345 4226 375 4283 in
390 4244 474 4283 armo
488 4245 574 4303 psrs3
598 4235 632 4284 et
641 4224 800 4303 Phrygios,
818 4226 867 4301 qui
881 4225 1001 4287 flumine
1016 4226 1140 4305 pulchro
1154 4230 1213 4286 430

229 4316 416 4393 consedere,
432 4319 535 4392 duces,
552 4320 706 4398 pictasque
721 4339 813 4379 exure
828 4320 946 4379 curicus

547 4414 608 4471 19·
