3167 5234
481 582 683 630 sueones.
719 582 797 630 CCL.
821 582 867 632 vl.

210 724 271 785 His
284 722 429 801 adjungit,
445 720 549 798 Hylan
562 734 662 780 nauta
676 741 736 799 quo
750 722 830 780 sente
844 721 981 783 relictum

211 817 412 889 Clemdssent,
429 826 461 875 ut
474 817 567 888 littus,
585 824 607 849 “
618 817 713 894 Hyla,
728 817 848 894 Hyla,'’
861 836 948 877 omne
962 824 1091 879 sonaret.

209 912 259 987 ut,
274 913 454 971 fortunatam
467 911 494 969 si
507 930 659 988 nunqmm
673 920 808 970 armenta
822 910 957 984 fuissent,
1156 913 1197 971 dd

208 1004 378 1083 Pasiphaes
393 1004 472 1063 nivei
486 1006 601 1073 soletur
613 1024 714 1063 amoro
723 1005 855 1081 juvenci.

208 1100 256 1158 Ah
270 1103 277 1157 l
300 1099 384 1176 virgo
398 1097 509 1169 infelix,
527 1118 593 1174 quae
606 1109 636 1156 te
650 1098 801 1157 dementia
814 1099 892 1176 cepit
907 1102 914 1157 !

207 1192 357 1254 l'roetid'es
370 1191 529 1269 implerunt
541 1192 625 1251 falsis
638 1193 800 1271 mugitibus
815 1212 904 1271 agros
918 1212 925 1251 :

210 1285 249 1345 At
262 1305 322 1343 non
335 1294 395 1343 tem
409 1296 511 1363 turpes
525 1285 672 1362 pecudum
684 1295 785 1344 temen
800 1286 861 1345 ulla
874 1295 979 1347 secuta
993 1296 1039 1347 est

208 1376 405 1448 Concubitus,
423 1378 557 1453 quamvis
570 1378 647 1435 collo
661 1379 806 1437 timuisset
821 1388 963 1452 aratrum,
1155 1383 1195 1441 50

207 1470 246 1531 Et
259 1470 341 1548 saepe
355 1471 386 1529 iu
399 1471 458 1529 levi
472 1470 629 1547 quaeslsset
646 1490 759 1531 cornua
772 1473 878 1533 fronte.

206 1565 275 1624 An!
297 1564 383 1642 virgo
396 1563 508 1634 infelix,
524 1574 556 1621 tu
571 1584 649 1622 nunc
664 1564 693 1622 in
708 1566 856 1623 montibus
870 1583 974 1625 erras:

207 1656 272 1729 Ille,
288 1658 368 1715 latus
381 1657 499 1715 niveum
513 1657 592 1714 molli
606 1656 697 1715 fultus
711 1658 882 1734 hyacintho,

207 1750 279 1809 llice
294 1752 350 1809 sub
364 1751 451 1829 nigri
465 1751 610 1827 pallentes
623 1752 751 1809 ruminat
765 1752 895 1821 nerbas;

205 1844 265 1903 Aut
276 1844 406 1920 aliquam
418 1845 448 1902 in
458 1862 568 1921 magno
577 1844 713 1920 sequitur
721 1864 826 1923 grege.
843 1850 862 1877 ‘⁶
872 1844 1022 1920 Claudite,
1032 1846 1191 1928 Nympha,

205 1936 332 1996 Dictoeae
345 1938 374 1996 N
375 1938 504 2015 mpure,
521 1956 673 1996 nemorum
682 1936 746 2013 jam
758 1938 889 1998 claudite
903 1940 998 1999 saltus
1013 1960 1021 2011 ;
1151 1944 1190 2003 66

206 2031 237 2089 Si
249 2032 310 2107 qui
324 2030 400 2089 sorte
414 2031 511 2088 ferant
524 2030 620 2089 oculis
634 2050 703 2089 sose
716 2032 804 2090 obvia
818 2032 926 2091 uostris

204 2123 384 2183 Embunda
398 2124 482 2182 bovis
495 2124 643 2202 vestigia:
664 2124 788 2183 forsitan
803 2125 895 2195 illum,

204 2218 264 2276 Aut
278 2215 374 2275 berbii
385 2226 504 2295 captum
519 2218 613 2291 viridi,
630 2226 682 2277 aut
694 2228 828 2277 mmenta
842 2227 988 2291 secutum,

204 2308 493 2387 Perducanteliquae
506 2312 840 2390 mbnlasdGortynie
854 2314 991 2373 vaccae.”
1151 2316 1191 2377 60

241 2402 321 2463 Tum
333 2405 415 2462 canit
428 2404 632 2482 Hesperidum
645 2406 781 2464 miratam
794 2406 872 2465 mela
887 2405 1014 2483 puellam
1030 2425 1037 2462 τ

203 2494 281 2555 Tum
291 2497 544 2556 Phaethontiadas
556 2517 661 2557 musco
674 2498 839 2557 circumdat
852 2516 961 2557 amarae

204 2589 345 2661 Corticis,
363 2598 452 2667 atqrre
465 2593 531 2649 solo
545 2611 688 2669 proceras
701 2592 790 2670 erigit
804 2592 896 2653 alnos.

203 2680 282 2741 ‘l'um
294 2684 376 2741 canit
390 2696 539 2743 errantem
551 2685 703 2744 Permessi
716 2685 754 2742 ad
768 2685 890 2745 flumina
903 2686 1024 2747 Gallum

202 2776 306 2834 Aonas
319 2777 350 2834 in
364 2787 479 2835 montes
492 2786 524 2837 ut
538 2778 655 2837 duxerit
668 2798 728 2837 una
740 2798 875 2838 sororum
890 2796 897 2836 ε
1147 2783 1187 2841 dd

203 2868 301 2946 thue
314 2870 380 2929 rire
392 2870 500 2929 Phoebi
513 2872 623 2933 chorus
636 2873 833 2931 assurrexerit
847 2872 941 2932 omnis
954 2892 962 2943 ς
1147 2872 1156 2881 “

203 2961 241 3021 Ut
253 2964 351 3021 Linus
363 2964 430 3022 haee
443 2964 485 3022 illi
499 2964 597 3022 divino
611 2966 742 3023 carmine
757 2974 867 3042 pastor,

202 3053 341 3114 Floribus
355 3066 447 3132 atque
461 3058 529 3135 apio
542 3058 641 3117 crines
653 3066 776 3115 ornatus
790 3076 902 3131 amaro,

201 3146 340 3209 Dixerit:
365 3150 464 3211 ‘'Hos
477 3152 531 3209 tibi
544 3151 615 3209 dant
634 3151 776 3222 calamos,
793 3170 842 3223 ou,
859 3150 974 3229 accipe,
989 3150 1097 3227 Musae,

200 3242 325 3302 Ascraeo
340 3264 415 3319 quos
429 3244 497 3301 ante
512 3244 576 3305 aeni
592 3262 600 3313 3
624 3245 732 3319 quibus
745 3244 794 3303 ille
808 3244 923 3324 solebat
1146 3248 1186 3305 '10

202 3336 360 3397 Cantando
373 3340 485 3417 rigidas
499 3340 648 3399 deducere
661 3341 809 3399 montibus
824 3360 922 3401 ornos.

200 3429 259 3489 His
272 3433 325 3490 tibi
337 3432 453 3508 Grynei
466 3432 595 3491 nemoris
608 3432 726 3492 &catur
738 3434 823 3511 origo
836 3451 844 3503 ;

200 3522 248 3585 Ne
263 3526 330 3600 quis
343 3526 380 3582 sit
394 3526 491 3596 lucus,
507 3544 567 3601 quo
579 3544 613 3584 se
628 3526 693 3603 plus
702 3526 797 3602 jactet
811 3526 953 3603 Apollo.’'

241 3616 320 3683 Quid
335 3618 450 3694 loquar,
467 3627 498 3675 ut
513 3619 644 3695 Scyllam
657 3619 735 3690 Nisi,
752 3638 841 3695 quarn
855 3620 934 3679 fama
948 3627 1053 3679 secuta
1065 3627 1121 3693 est,

201 3708 338 3771 Candida
351 3712 535 3768 succinctam
550 3711 726 3769 latrantibus
740 3712 863 3789 inguine
876 3713 1025 3785 monstris,
1145 3714 1183 3771 ⁷5

198 3801 359 3862 Dulichias
371 3803 499 3863 vexisse
512 3816 602 3875 rates,
619 3813 648 3863 et
662 3805 782 3882 gurgite
795 3805 827 3861 in
839 3806 899 3864 alto

199 3896 247 3954 Ah
262 3899 269 3954 !
291 3896 410 3954 timidos
420 3905 527 3955 nautas
544 3898 669 3956 canibus
682 3897 835 3956 lncerisse
849 3898 972 3957 murima
985 3897 996 3955 l

199 3989 270 4061 Aut,
286 3997 319 4047 ut
333 4000 461 4049 mututos
473 3990 564 4049 Terei
578 3991 743 4049 sanaverit
756 3998 861 4060 artus;

201 4080 286 4149 Quas
300 4082 342 4140 illi
354 4083 518 4141 Philomela
531 4084 635 4161 dapes,
651 4103 719 4160 quis
732 4083 813 4141 done
825 4082 938 4163 pararit
952 4104 966 4157 t

200 4172 268 4247 Quo
283 4194 372 4233 cursu
387 4176 506 4234 deserta
517 4178 662 4254 petiverit,
678 4185 708 4235 et
722 4177 830 4252 quibus
844 4178 912 4237 unte
1144 4183 1183 4241 80

199 4266 305 4327 Infelix
319 4288 375 4327 sua
388 4278 469 4328 tecta
483 4271 740 4349 supervolitaverit
753 4271 810 4330 alis
824 4272 834 4328 l

235 4362 345 4422 Omnia
359 4383 437 4440 quse,
452 4364 569 4425 thbo
582 4364 731 4441 quondam
744 4365 916 4440 meditante,
931 4367 1036 4427 heutua
