3167 5234
515 551 740 600 GEORGlCON
758 551 829 600 ΗΒ.
844 553 897 598 111.

219 692 348 754 Munere
362 690 408 752 sio
421 690 509 752 niveo
522 692 611 763 laum,
628 691 653 750 si
667 691 792 750 credere
806 691 930 771 dignum
942 698 999 764 est,

220 786 296 860 Pan,
312 786 388 846 deus
401 785 553 858 Arcadis,
570 793 689 864 captam
702 793 742 858 te,
757 784 858 858 Luna,
873 784 989 858 fefellit,

220 880 256 943 In
269 899 393 941 nemora
407 875 469 938 alte
482 899 594 938 vocans
608 898 615 950 ;
639 899 696 938 nec
708 887 742 938 tu
756 887 918 959 espernsts
928 887 1096 940 vocantem.
1120 953 1124 961 ι

258 977 311 1048 At,
327 973 377 1034 cui
391 973 479 1033 lactis
493 991 587 1046 umor,
603 975 731 1052 cytisum
744 975 883 1051 lotosque
896 974 1070 1050 frequentes

220 1070 290 1149 lpse
303 1087 396 1129 manu
410 1068 567 1144 salsasque
582 1067 659 1127 ieret
673 1069 859 1146 praesepibus
872 1068 991 1126 herbas.
1152 1067 1212 1127 396

220 1164 303 1224 Hinc
318 1171 348 1222 et
363 1169 463 1221 amant
480 1161 587 1221 fluvios
600 1161 708 1242 magis,
724 1181 760 1224 ac
772 1162 872 1243 magis
885 1160 1130 1235 obmittendum,

220 1257 260 1318 Et
274 1258 348 1318 selis
362 1257 512 1316 occultum
525 1256 659 1316 referunt
678 1257 708 1316 in
721 1258 802 1317 lacte
815 1275 963 1336 saporem.

220 1335 312 1411 hlulti
325 1351 389 1429 jam
408 1358 547 1410 excretos
561 1351 749 1428 prohibente
761 1351 906 1410 matribus
918 1348 1033 1421 haedos,

219 1445 381 1522 Primaque
395 1443 514 1502 serratis
529 1444 687 1524 praeligunt
700 1464 755 1503 ors
768 1444 915 1524 capistris.

222 1537 313 1608 Quod
327 1545 470 1617 surgente
484 1538 532 1597 die
546 1537 677 1598 mulsere
691 1539 832 1616 horisque
846 1538 971 1610 diurnis,
1153 1537 1213 1596 400

222 1632 251 1693 N
254 1640 321 1692 octe
335 1639 471 1711 premunt
487 1651 495 1702 3
520 1632 599 1710 quod
615 1633 678 1710 jem
691 1633 825 1692 tenebris
838 1640 869 1690 et
883 1632 947 1694 sole
960 1630 1097 1710 cpdente,

223 1727 284 1785 Sub
299 1727 398 1786 lucem
411 1735 572 1806 exportans
586 1727 714 1786 celathis
727 1727 788 1786 adit
801 1726 909 1804 oppida
927 1733 1049 1804 peston

221 1821 283 1880 Aut
297 1839 389 1898 parco
403 1822 467 1880 sele
481 1822 668 1899 contingunt,
684 1820 834 1896 hiemique
848 1827 1004 1899 reponunt.

260 1913 290 1974 N
292 1933 329 1973 cc
342 1913 395 1973 tibi
409 1933 484 1974 cura
497 1934 606 1974 cenum
625 1914 714 1973 luerit
728 1922 878 1992 postremo
893 1933 902 1983 ;
924 1913 979 1971 scd
992 1910 1055 1972 und

222 2005 353 2067 Veloces
368 2009 483 2087 Spartae
498 2009 625 2080 catulos,
642 2026 804 2084 acremque
818 2006 998 2077 Molossum,
1152 2005 1212 2066 406

222 2099 320 2160 Pasce
334 2120 403 2193 serp
417 2102 528 2181 pingui.
570 2101 734 2178 Nunquam
747 2101 921 2160 custodibus
934 2101 993 2160 illis

223 2193 411 2254 Nocturnum
428 2196 553 2254 stabulis
567 2194 673 2267 furem,
689 2195 890 2270 incursusque
903 2194 1052 2272 luporum,

223 2289 284 2346 Aut
298 2288 461 2366 impacatos
474 2307 493 2346 a
506 2296 593 2367 tergo
607 2287 744 2348 horrebis
758 2287 874 2346 Iberos.

224 2381 310 2458 sept
325 2382 415 2440 etiam
429 2401 519 2441 cursu
538 2381 656 2440 timidos
670 2382 799 2460 agitsbis
811 2401 952 2460 onagros,

223 2473 264 2533 Et
284 2477 409 2534 canibus
422 2476 564 2553 leporem,
581 2475 707 2535 canibus
720 2477 871 2534 venabere
885 2475 990 2534 demas
1004 2493 1012 2532 τ
1152 2475 1212 2534 410

225 2569 311 2648 Scope
324 2570 487 2629 volutabris
506 2570 607 2648 pulsos
621 2569 808 2629 silvestribus
821 2589 910 2647 apros

223 2663 349 2723 Latratu
363 2663 499 2722 turbabis
513 2663 616 2742 agens,
632 2670 809 2740 montesque
823 2680 877 2741 per
890 2664 968 2723 altos

225 2756 382 2835 Ingentem
393 2757 524 2816 clamore
538 2775 656 2835 premes
670 2756 708 2815 sd
723 2757 800 2814 retis
813 2775 946 2817 cerrum.

263 2851 358 2910 Disce
372 2859 402 2910 et
416 2851 569 2910 odoratam
583 2851 708 2911 stabulis
723 2850 891 2910 accendere
905 2850 1040 2924 cedrum,

224 2945 441 3021 Galbaneoque
455 2946 571 3024 agitare
585 2965 694 3025 greces
709 2946 813 3004 nidore
827 2946 996 3024 chelydros.
1152 2947 1211 3005 415

226 3039 311 3117 Saepe
325 3039 382 3097 sub
396 3039 522 3098 immotis
537 3039 719 3118 praesepibus
732 3048 783 3099 aut
797 3040 878 3098 male
890 3047 974 3100 tectu

224 3130 339 3211 Vipera
351 3131 476 3204 delituit,
493 3133 662 3209 ooelumque
677 3133 821 3192 exterrita
834 3133 909 3212 fugit
925 3154 934 3204 ;

223 3225 285 3284 Aut
303 3233 384 3285 tecto
398 3234 536 3284 assuetus
551 3227 674 3285 coluber
686 3227 851 3286 succedere
865 3235 895 3285 et
909 3228 1033 3298 umbrae,

223 3317 323 3377 Pestis
337 3320 450 3377 ecerbe
462 3321 561 3392 boum,
578 3319 740 3396 pecorique
754 3321 916 3399 aspergere
930 3321 1023 3392 virus,

223 3411 311 3471 Fovit
325 3412 455 3472 humum.
486 3411 572 3489 Cspe
586 3431 660 3470 anxa
674 3431 774 3484 manu,
791 3431 867 3490 cape
879 3415 999 3487 robora,
1015 3421 1136 3491 pastor3
1151 3413 1212 3470 «too

223 3502 453 3582 Tollentemque
468 3505 564 3563 minas
578 3513 607 3564 et
621 3505 709 3563 sibila
723 3505 802 3564 colle
813 3513 976 3566 tumentem

223 3595 353 3672 Dejice:
371 3598 495 3676 jamque
509 3596 583 3677 sugis
595 3597 728 3658 timidum
743 3607 833 3677 caput
847 3598 960 3659 obdidit
973 3600 1043 3671 alte,

226 3689 328 3756 Quum
341 3691 429 3750 medii
443 3711 537 3750 nexus
550 3700 752 3770 extremaeque
766 3692 885 3769 minine
896 3692 1001 3751 cruda

225 3783 397 3856 Solvuntur,
412 3785 575 3861 tardosque
590 3786 680 3846 trehit
695 3787 778 3844 sinus
792 3786 912 3844 ultimus
925 3785 1024 3843 orbes.

262 3875 319 3936 Est
334 3877 424 3936 etiam
437 3877 487 3936 ille
500 3879 598 3938 malus
612 3879 753 3940 Celebris
771 3879 802 3937 in
815 3878 941 3936 saltibus
954 3875 1072 3956 unguis,
1152 3878 1211 3936 425

226 3971 375 4048 Squames
389 3973 568 4036 convolvens
582 3974 700 4033 sublato
714 3981 836 4052 pectore
849 3979 947 4050 terga,

225 4063 326 4142 Atque
344 4066 421 4124 notis
435 4066 556 4146 longam
570 4067 740 4126 maculosus
753 4064 917 4145 grandibus
930 4064 1052 4136 alvum3

226 4158 298 4232 Qut,
315 4160 384 4220 dum
398 4181 500 4222 amnes
514 4163 567 4222 ulli
580 4170 757 4240 rumpuntur
770 4162 909 4235 sontibus,
928 4171 958 4222 et
971 4161 1042 4222 dum

224 4251 306 4312 Vere
320 4255 440 4314 medent
453 4256 512 4316 udo
526 4265 615 4317 terras
630 4275 667 4316 uc
682 4255 858 4336 pluvialibus
871 4257 991 4330 austris,

226 4345 341 4426 Stagna
354 4349 425 4408 colit
441 4369 450 4421 ς
472 4348 605 4430 ripisque
620 4349 768 4424 habitans,
784 4349 835 4412 hic
848 4352 979 4432 piscibus
992 4357 1089 4411 strant
1153 4349 1212 4410 490
