3167 5234
548 547 769 598 eucnemon
787 549 857 596 [ΑΒ.
871 547 918 596 lv.

235 689 333 752 Nocte
348 689 478 763 domum,
495 690 620 769 dapibus
633 707 752 748 mensas
765 688 910 746 onerabat
928 685 1074 764 inemptis.

234 784 353 844 Primus
368 803 438 862 rere
453 803 564 856 rosam,
582 791 670 860 atque
685 791 826 841 autumno
839 800 966 859 carpere
980 798 1067 858 poma
1081 797 1091 850 3

235 877 286 949 Et,
304 896 396 955 quum
410 877 503 936 tristis
517 876 611 935 hiems
625 877 712 935 etiam
727 895 806 934 nunc
820 874 931 953 frigore
946 892 1020 932 saxa

234 971 414 1049 Rumperet,
430 979 459 1029 et
472 971 569 1048 glacie
584 988 691 1028 cursus
705 969 845 1028 fraenaret
859 986 1015 1044 aquarum,

235 1063 289 1123 Ille
304 1083 421 1123 comam
434 1064 534 1123 mollis
548 1065 610 1140 jam
624 1063 764 1122 tondebat
782 1061 946 1140 hyacinthi,

234 1157 390 1217 AEstatem
404 1157 585 1234 increpitans
599 1175 707 1228 seram,
724 1157 940 1234 Zephyrosque
952 1157 1112 1214 morantes.

235 1249 319 1328 Ergo
334 1250 440 1327 apibus
455 1249 535 1308 soetis
548 1250 626 1308 idem
641 1257 731 1327 atque
746 1241 882 1308 examine
895 1248 988 1306 multo

234 1341 354 1403 Primus
369 1343 533 1414 abundare,
550 1353 580 1401 ct
594 1343 761 1421 spumantia
774 1361 886 1421 cogere
900 1341 1013 1418 pressis

235 1435 330 1496 Mella
343 1437 438 1496 saris:
461 1437 504 1494 illi
516 1436 599 1508 tiliae,
616 1444 705 1513 atque
721 1436 872 1495 uberrima
884 1429 971 1514 pinus
983 1453 993 1506 3

237 1529 377 1608 Quotque
391 1530 508 1590 inflare
523 1551 599 1590 nove
613 1531 707 1610 pomis
721 1550 755 1588 se
768 1530 874 1589 fertilis
889 1530 981 1590 arbos

237 1623 389 1696 Induerat,
404 1624 526 1684 totidem
541 1635 681 1684 autumno
695 1631 814 1684 matura
825 1623 957 1684 tenebat.

238 1714 293 1776 Ille
308 1717 397 1776 etiam
411 1737 496 1776 seras
511 1719 541 1778 in
556 1737 675 1778 versum
688 1718 800 1776 distulit
814 1718 919 1787 ulmos,

235 1809 427 1887 Eduramque
442 1810 549 1888 pirum,
566 1819 596 1869 et
610 1811 711 1889 spinos
727 1811 791 1887 jam
804 1829 900 1887 pruna
913 1809 1055 1882 serentes,

235 1901 364 1979 Jamque
379 1903 597 1963 ministrantem
611 1905 762 1983 platanum
775 1903 946 1982 potantibus
959 1904 1091 1962 umbras.

236 1993 348 2054 Verum
363 1996 428 2056 hec
442 1996 505 2076 ipse
520 1997 669 2074 equidem,
686 1997 789 2076 spatiis
803 1997 944 2055 exclusus
956 1995 1076 2072 iniquis,

236 2087 400 2162 Praetereo,
420 2099 509 2167 atque
524 2089 589 2148 aliis
603 2099 669 2170 post
683 2110 730 2149 me
744 2089 936 2148 memoranda
948 2089 1095 2166 relinque.

274 2183 365 2242 Nunc
380 2203 449 2262 age,
466 2194 589 2244 naturas
603 2185 708 2262 apibus
723 2204 798 2262 quas
810 2183 930 2261 Jupiter
943 2183 1007 2262 ipse

235 2275 369 2349 Addidit,
385 2277 561 2355 expediam
586 2297 638 2356 pro
654 2276 714 2355 qual
726 2277 877 2348 mercede,
893 2297 1021 2336 canores

238 2369 385 2430 Curetum
398 2371 513 2430 sonitus
527 2371 763 2450 crepitantiaque
778 2390 841 2430 aera
853 2379 977 2442 secutae,

236 2464 355 2524 Dictaeo
369 2464 440 2522 eoeli
453 2483 557 2543 regem
571 2461 682 2541 pavere
696 2466 751 2523 sub
767 2472 861 2522 antro.

238 2557 314 2616 Solae
329 2575 501 2616 communes
515 2565 613 2630 natus,
629 2557 780 2616 consortia
792 2564 875 2614 tecta

236 2649 327 2708 Urbis
342 2650 464 2722 hahent,
480 2650 656 2729 magnisque
671 2650 783 2728 agitant
797 2651 854 2708 sub
867 2648 986 2728 legibus
998 2666 1097 2708 aarum
1111 2665 1121 2718 3

236 2743 276 2803 Et
295 2744 421 2822 patriam
435 2743 518 2814 solae,
534 2751 564 2802 et
578 2751 678 2802 certes
692 2740 804 2802 novere
818 2742 950 2801 Penates
964 2760 972 2800 ε

239 2837 441 2914 Venturaeque
456 2836 562 2894 hiemis
576 2855 733 2906 memores,
749 2844 854 2895 aestate
867 2836 1003 2894 laborem

236 2929 453 3008 Experiuutur,
469 2937 499 2988 et
518 2930 548 2988 in
561 2929 689 2988 medium
705 2930 831 3006 quaesita
843 2937 999 3006 reponunt.

238 3023 376 3100 Namque
391 3022 458 3082 alias
473 3023 552 3082 victu
567 3022 731 3102 invigilant,
747 3031 777 3082 et
791 3022 905 3082 soedere
919 3031 1008 3100 pactu

238 3116 428 3176 Exercentur
442 3116 524 3195 agris
539 3135 546 3174 τ
569 3135 639 3194 para
659 3116 737 3174 intra
751 3124 837 3194 septa
849 3115 1003 3176 dumorum

237 3209 376 3270 Narcissi
394 3211 568 3289 lacrymam,
584 3220 614 3269 et
628 3211 740 3270 lentum
753 3211 791 3269 de
805 3211 917 3270 cortice
931 3212 1046 3290 gluten,

236 3303 339 3362 Prima
353 3303 429 3405 favp'a
443 3312 554 3381 ponunt
568 3304 739 3364 fundamina
753 3323 762 3374 ;
785 3304 892 3362 deinde
905 3313 1030 3364 tenaces

237 3397 429 3475 Suspendant
443 3417 530 3456 ceras
546 3417 552 3456 :
575 3398 654 3471 alire,
670 3417 753 3476 spem
766 3399 875 3476 gentis,
892 3397 1009 3457 adultus

236 3490 380 3549 Educunt
393 3491 484 3550 fretus
500 3511 507 3548 ε
531 3492 597 3551 aliae
612 3491 769 3569 purissima
783 3491 874 3550 mella

238 3583 366 3660 Stipant,
384 3594 414 3643 et
426 3584 538 3662 liquido
553 3585 722 3644 distendunt
736 3594 860 3644 nectare
874 3584 978 3645 cellas.

239 3679 325 3750 Sunt,
343 3677 447 3755 quibus
462 3679 500 3738 ad
517 3687 619 3757 portas
633 3679 741 3738 cecidit
755 3679 892 3738 custodia
905 3678 1000 3748 acrti;

237 3770 336 3849 Inque
350 3771 446 3830 vicem
459 3775 651 3851 speculantur
665 3791 760 3850 aquas
774 3781 804 3832 et
818 3771 921 3831 nubila
934 3771 1026 3840 coeli;

236 3866 299 3924 Aut
314 3884 408 3924 onera
426 3867 574 3945 accipiunt
588 3863 759 3926 venientium
774 3885 782 3935 ;
806 3873 867 3936 aut,
884 3863 1002 3941 agmine
1016 3861 1107 3936 sactu,

238 3957 396 4036 Ignavum,
413 3959 507 4032 sucos,
523 3979 616 4038 pecus
631 3981 649 4018 a
663 3959 849 4038 praesepihus
862 3964 977 4016 arcent.

238 4051 352 4110 Fervet
368 4072 451 4130 opus,
467 4054 662 4132 redolentque
676 4054 776 4130 thymo
791 4051 957 4129 fragrantia
968 4051 1067 4114 mella.

239 4147 288 4204 Ae
302 4145 403 4217 veluti,
419 4146 507 4206 lentis
521 4147 674 4226 Cyclopes
688 4145 811 4204 fulmina
823 4145 929 4204 massis

240 4238 345 4306 Quum
357 4249 525 4318 properant,
542 4241 593 4300 alii
605 4239 731 4299 taurinis
745 4239 864 4298 follibus
878 4258 969 4298 auras

239 4331 401 4412 Accipiunt
415 4334 613 4414 redduntque,
629 4334 680 4393 alii
693 4332 849 4393 stridentia
861 4333 979 4412 tingunt
