3167 5234
243 544 249 551 ’
360 544 416 601 140
642 536 670 583 P.
692 534 860 582 vlntttart
886 532 1058 581 HABONIS

356 676 485 737 Hostilia
499 674 592 734 facies
605 682 756 746 occurrat,
771 681 803 732 et
816 674 914 732 omina
925 674 1034 731 turbet.

356 771 449 831 Hunc
463 770 538 829 socii
550 788 663 827 morem
677 788 841 839 sacrorum,
858 767 937 825 bunc
951 768 1014 845 ipse
1028 771 1151 835 teneto;

356 864 429 925 Hae
442 865 517 923 casti
532 870 670 922 maneant
684 863 714 921 in
728 862 872 939 religione
887 869 1019 937 nepotes.

355 960 423 1031 Ast,
435 959 485 1017 ubi
499 957 666 1035 digressum
680 954 789 1013 Siculae
803 965 833 1011 te
848 954 1010 1011 admoverit
1024 971 1085 1010 orm

355 1051 484 1122 Ventus,
500 1059 530 1109 et
545 1050 664 1128 angusti
677 1056 833 1107 rarescent
848 1048 980 1105 claustra
992 1045 1103 1117 Pelori,

355 1144 450 1205 Laeva
462 1146 515 1204 tibi
528 1144 627 1215 tellus,
643 1151 673 1201 et
687 1142 777 1219 longo
790 1142 867 1199 laeva
882 1149 1019 1217 petantur

292 1275 300 1286 ·
357 1237 494 1316 AEquora
507 1238 655 1298 circuitu:
678 1236 816 1294 dextrum
830 1236 899 1312 suge
914 1234 1005 1305 littus,
1022 1242 1052 1291 et
1066 1232 1170 1292 undas.

255 1323 260 1333 ¹
276 1397 280 1408 ,
328 1321 435 1391 ‘Hoc
449 1333 526 1403 loca,
542 1332 572 1388 vi
586 1330 734 1407 quondam
747 1337 777 1386 et
791 1327 879 1387 vastd
892 1328 1036 1385 convulsa
1054 1324 1152 1398 ruini,

357 1425 501 1505 (Tantum
515 1425 572 1483 mvi
585 1424 749 1501 longinqua
762 1422 841 1479 valet
855 1430 970 1479 mutare
986 1429 1118 1479 vetustas
1131 1419 1154 1499 l)

354 1518 531 1578 Dissiluisse
545 1518 762 1591 feruntfquum
776 1524 918 1593 protenus
931 1524 1059 1590 utraque
1073 1514 1161 1572 tellus

354 1612 423 1671 Una
437 1613 534 1671 soret:
557 1610 637 1669 venit
651 1608 748 1667 medio
761 1609 791 1666 vi
810 1616 926 1685 pontus,
943 1616 972 1665 et
987 1607 1072 1665 undis

355 1705 538 1781 Hesperium
551 1704 654 1762 Siculo
666 1703 745 1760 latus
759 1700 896 1772 abscidit,
913 1718 1046 1775 arvaque
1060 1708 1090 1758 et
1103 1698 1194 1757 urbes

354 1796 469 1857 Littore
484 1796 619 1855 diductas
633 1803 761 1873 angusto
775 1794 906 1852 interluit
921 1803 1004 1851 aestu.

354 1888 502 1951 Dextrum
517 1889 620 1966 Scylla
632 1889 722 1958 latus,
737 1889 845 1946 laevum
858 1887 1016 1964 implacata
1031 1884 1201 1963 Charybdis

354 1984 489 2054 obsidet,
506 1989 595 2060 atqde
609 1983 668 2041 imo
681 1981 814 2039 barathri
826 1988 873 2039 ter
886 1981 1005 2059 gurgite
1019 1988 1120 2039 vastos

355 2078 462 2137 Sorbet
477 2076 506 2133 iu
521 2078 678 2153 abruptum
691 2075 811 2146 fluctus,
828 2092 991 2151 rursusque
1005 2075 1061 2131 sub
1075 2090 1165 2133 auras

353 2170 453 2249 Erigit
468 2170 608 2240 alternos,
624 2176 654 2226 et
668 2168 768 2226 sidera
779 2168 918 2227 verberat
934 2166 1022 2227 undat.

354 2263 397 2323 At
411 2263 542 2341 Scyllam
554 2264 644 2321 caecis
658 2262 777 2321 cohibet
791 2262 936 2340 spelunca
949 2262 1080 2333 latebris,

354 2357 418 2417 Ora
432 2364 639 2427 exsertantem,
656 2364 686 2415 et
699 2374 792 2414 nares
807 2356 835 2415 in
849 2374 924 2413 saxa
937 2355 1111 2415 trahentem.

353 2452 456 2512 Prima
468 2451 594 2510 bominis
608 2449 712 2522 facies,
727 2459 758 2508 et
772 2451 896 2527 pulchro
910 2458 1030 2527 pectore
1045 2450 1130 2529 virgo

354 2546 439 2606 Pube
453 2554 540 2604 tenus
553 2564 561 2615 ;
585 2553 735 2623 postrema
747 2544 867 2602 immani
882 2562 1006 2621 corpore
1020 2542 1130 2621 pristis,

354 2635 536 2716 Delphinum
549 2638 662 2697 caudas
676 2645 762 2695 utero
775 2637 935 2695 commissa
949 2638 1093 2714 luporum.

381 2741 482 2791 roestat
495 2732 645 2790 Trinacrii
657 2739 753 2813 metas
766 2732 893 2789 lustrare
907 2728 1043 2807 Pachyni

356 2825 544 2897 (lassantem,
560 2826 666 2903 longos
679 2832 708 2881 et
723 2823 960 2883 circumflectere
974 2842 1091 2895 cursus,

356 2918 456 2987 Quam
469 2919 560 2978 semel
575 2918 728 2977 informem
742 2926 828 2975 vasto
842 2917 951 2975 vidisse
965 2918 1021 2975 sub
1036 2925 1121 2976 antro

318 3014 323 3022 '
357 3013 496 3090 Scyllam,
512 3020 543 3070 et
556 3012 693 3071 caeruleis
705 3012 832 3070 canibus
846 3012 1017 3069 resonantia
1030 3030 1112 3071 saxa

354 3106 517 3177 Proeterea,
533 3106 559 3165 si
573 3124 633 3182 qua
645 3113 691 3163 est
704 3104 827 3163 Heleno
842 3105 1006 3181 prudentia,
1024 3105 1084 3163 vati

356 3200 389 3259 Si
403 3219 462 3276 qua
476 3199 560 3271 fides,
577 3200 707 3258 animum
719 3198 747 3257 si
761 3199 840 3257 veris
855 3198 955 3275 implet
969 3199 1089 3275 Apollo,

355 3292 455 3351 Unum
470 3292 540 3351 illud
553 3292 616 3364 tibi,
632 3301 702 3351 uate
716 3290 784 3364 det,
801 3310 923 3369 praeque
937 3293 1072 3351 omnibus
1086 3310 1176 3351 unum

354 3386 531 3457 Praedicam,
547 3393 577 3443 et
590 3394 729 3462 repetens
743 3386 910 3462 iterumque
925 3386 1090 3462 iterumque
1104 3386 1238 3445 monebo.

355 3479 483 3538 Junonis
496 3498 611 3557 magnae
626 3478 751 3556 primhm
764 3498 855 3556 prece
869 3498 979 3537 numen
993 3478 1085 3537 adora
1098 3498 1106 3550 3

355 3572 467 3634 Junoni
479 3592 555 3632 cane
569 3581 638 3631 vota
652 3572 757 3645 libeas,
774 3572 981 3649 dominamque
995 3581 1144 3650 potentem

356 3667 544 3745 supplicibus
558 3686 668 3744 supera
681 3665 786 3725 donis:
810 3668 853 3725 sic
867 3668 995 3744 denique
1009 3668 1105 3727 victor

355 3757 515 3819 Trinacrii
528 3760 604 3817 fines
619 3757 712 3817 Italos
725 3758 842 3819 mittere
857 3759 972 3819 relicti.

354 3852 428 3912 Huc
443 3853 492 3912 ubi
506 3853 622 3911 delatus
636 3852 792 3913 Cummam
807 3854 972 3913 accesseris
987 3855 1101 3927 urbem,

354 3945 541 4023 Divinosque
555 3948 649 4019 lacus,
666 3956 695 4005 et
709 3950 830 4007 Averna
843 3948 979 4007 sonantia
997 3948 1089 4020 silvis,

355 4037 496 4097 Insanum
510 4048 608 4099 ratem
623 4035 781 4120 adspicies,
799 4061 865 4120 quac
878 4061 952 4120 rupe
968 4044 1022 4101 sub
1036 4041 1097 4101 ima

357 4130 436 4191 Fata
450 4134 541 4205 canit,
557 4134 693 4211 foliisque
707 4143 793 4194 notas
808 4144 837 4193 et
851 4135 970 4195 nomina
983 4135 1111 4196 mandat.

359 4222 566 4303 Quacumque
580 4227 611 4285 in
625 4227 702 4285 soliis
716 4228 873 4306 descripsit
886 4230 1020 4288 carmina
1033 4230 1129 4309 virgo,

356 4316 477 4397 Digerit
491 4318 521 4377 in
533 4338 699 4392 numerum,
715 4330 804 4397 atque
819 4331 904 4381 antro
918 4323 1037 4381 seclusa
1051 4320 1190 4399 relinquit
1205 4341 1212 4380 :
