3167 5234
295 603 306 622 ·
336 611 343 620 ι
373 549 432 606 ³³6
661 545 688 592 Ρ.
708 545 876 593 vitietur
897 547 1070 596 MARONIS

373 682 556 760 Insequitur,
571 682 738 763 trepidique
752 685 858 762 pedem
871 686 947 764 pede
962 685 1094 746 fervida
1107 696 1206 768 urget.

373 775 526 836 Inclusum
539 776 631 836 veluti
645 777 671 836 si
685 778 804 854 qusndo
818 779 939 838 flumine
952 789 1059 839 nectus

373 870 517 943 Cer-vum,
534 879 585 929 sut
599 870 734 949 puniceae
747 880 865 951 septum
878 872 1032 932 formidine
1046 893 1162 952 penum
1309 879 1374 938 150

371 963 508 1024 Venator
521 983 623 1036 cursu,
640 963 724 1024 cenis
738 973 768 1024 et
781 965 937 1024 intr-stibus
955 966 1065 1025 instst:

372 1057 428 1118 Ille
442 1067 552 1130 eutem,
568 1057 683 1116 insidiis
697 1065 727 1116 et
740 1057 808 1137 ripis
820 1059 943 1118 territus
957 1058 1030 1132 stet,

372 1151 457 1210 Mille
471 1151 547 1230 fugit
560 1150 730 1229 refugitque
745 1152 811 1210 viss
824 1171 833 1222 3
857 1160 888 1210 et
902 1152 1019 1212 vividus
1030 1152 1144 1213 Umber

371 1245 479 1306 Haeret
493 1246 588 1317 biens,
601 1245 664 1322 jem
677 1239 804 1322 ‘jamque
817 1253 910 1317 tenet,
925 1246 1090 1324 similisque
1103 1249 1218 1308 tenenti

374 1337 526 1418 increpuit
540 1340 636 1411 mulis,
653 1357 814 1416 morsuque
828 1339 931 1398 elusus
944 1340 1026 1400 insui
1039 1350 1094 1401 est.
1302 1344 1367 1402 155

371 1435 450 1494 'lum
465 1433 535 1494 verd
550 1435 682 1494 exoritur
695 1435 819 1506 clsmcr,
835 1434 969 1512 ripisque
982 1435 1126 1512 Inousque

371 1527 564 1606 Responsent
578 1528 672 1600 circi,
688 1535 718 1586 et
732 1527 844 1586 ccelurn
856 1535 940 1586 toust
952 1547 1040 1586 omne
1051 1531 1189 1590 tumultu.

372 1620 439 1694 Ille,
455 1621 542 1680 simul
555 1620 684 1700 fugiens,
700 1620 832 1679 Rutulos
847 1620 935 1679 simul
948 1621 1083 1699 increpet
1096 1643 1209 1695 omnes,

309 1783 316 1793 Ι
371 1716 500 1777 Nomine
516 1733 663 1792 quemque
677 1733 810 1783 voeens;
834 1722 996 1791 notumque
1009 1716 1155 1794 efflsgitet
1169 1737 1283 1778 enum.

371 1810 492 1872 AEnoss
505 1816 630 1867 mortem
645 1808 750 1867 contri
765 1825 959 1886 praesensque
979 1808 1109 1867 minetur
1305 1814 1363 1870 160

371 1903 515 1975 Exitium,
531 1903 557 1961 si
571 1902 728 1979 quisquam
742 1901 853 1972 sdest3
876 1909 1031 1978 terretque
1044 1911 1216 1975 trementes,

371 1998 551 2063 Excisurum
566 1997 670 2055 urbem
684 1995 833 2068 minitans,
849 2004 879 2054 et
890 1996 1011 2055 saucius
1025 1997 1125 2056 instet.

373 2091 516 2169 Quinque
530 2091 620 2148 orben
633 2089 752 2168 expient
766 2108 869 2162 cursu,
883 2088 1067 2166 totidemque
1083 2099 1221 2153 retexunt

372 2185 456 2258 Huc,
473 2185 553 2244 illuc.
596 2183 704 2259 Neque
718 2182 798 2241 enim
811 2183 892 2242 levis
905 2191 957 2242 snt
970 2184 1087 2241 ludicre
1104 2193 1246 2262 petuntur

372 2279 512 2351 Premis,
528 2278 581 2338 sed
594 2276 692 2336 Turni
706 2276 743 2358 de
758 2275 821 2337 vite
833 2285 864 2335 et
877 2278 1024 2355 sanguine
1037 2286 1165 2338 certent.
1304 2281 1364 2339 165

372 2373 465 2432 Forte
479 2390 567 2430 secer
580 2370 687 2430 Fauno
703 2370 781 2428 foliis
795 2371 927 2430 oleaster
939 2371 1049 2430 emeris

372 2465 437 2528 Hic
452 2473 584 2537 steterst,
600 2464 700 2523 neutis
714 2464 783 2522 olim
796 2464 969 2523 venerabile
982 2465 1101 2543 signum
1116 2484 1125 2536 ;

373 2560 490 2620 Servati
504 2579 541 2618 ex
555 2557 642 2618 undis
657 2557 707 2618 ubi
721 2558 816 2637 figere
829 2559 908 2617 donn
920 2558 1057 2618 solebant

372 2653 518 2714 Laurenti
531 2652 610 2724 divo,
627 2660 657 2710 et
671 2661 755 2710 votes
769 2651 953 2730 suspendere
967 2661 1066 2712 vestes
1080 2673 1088 2710 z

268 2799 272 2804 .
329 2751 334 2760 “
374 2747 434 2807 Sed
448 2747 568 2824 stirpem
582 2745 706 2817 Teucri,
722 2745 803 2804 nullo
817 2745 998 2819 discrimine,
1015 2766 1135 2807 snorum
1305 2749 1363 2806 110

373 2842 572 2911 Sustulersnt,
590 2859 664 2916 puro
678 2846 710 2897 ut
725 2848 845 2916 possent
859 2858 1040 2898 concurrere
1054 2859 1169 2920 campo.

371 2933 436 2995 Hic
450 2919 661 2992 bssts'AEnese
676 2934 773 2990 stsbst
787 2952 796 3001 ;
818 2933 877 2992 huc
891 2933 1019 3011 imp'etus
1030 2935 1113 2993 illem

371 3025 541 3096 Detuleret,
557 3026 645 3084 fixam
659 3034 689 3084 et
702 3023 784 3084 lenti
799 3025 830 3083 in
843 3026 946 3085 redico
962 3030 1092 3087 tenebat.

373 3118 523 3190 Incubuit,
540 3117 690 3194 voluitque
704 3137 793 3178 manu
807 3121 979 3180 convellere
992 3121 1103 3180 ferrum

372 3211 573 3284 Dardanides,
589 3211 709 3288 teloque
724 3212 821 3289 sequi,
838 3232 925 3290 quem
940 3215 1085 3292 prendere
1104 3235 1195 3274 cursu
1301 3215 1359 3272 tto

371 3305 401 3368 N
403 3327 442 3366 on
456 3312 581 3384 poteret.
623 3304 701 3363 Tum
717 3305 788 3365 verb
804 3325 907 3366 emens
920 3308 1075 3368 formidine
1088 3309 1222 3380 Turnus,

371 3400 488 3472 Feune,
505 3418 621 3479 precor,
638 3398 791 3470 miserere,
808 3399 925 3478 inquit;
948 3411 1042 3480 tuque
1055 3403 1166 3481 optime
1178 3402 1290 3462 ferrum

370 3493 470 3554 'ferro
483 3502 552 3552 tene
566 3511 573 3562 ;
599 3492 677 3552 colui
693 3501 811 3552 vestros
824 3494 850 3551 si
863 3512 983 3572 semper
1001 3497 1141 3568 bonores,

371 3586 458 3655 Quos
471 3583 575 3646 contri
587 3583 739 3647 AEneedae
753 3585 832 3644 bello
846 3584 947 3647 fecere
962 3589 1113 3666 profanos.

370 3680 465 3753 Dixit,
481 3697 625 3757 opemque
640 3678 689 3737 dei
703 3699 761 3738 uon
776 3699 866 3738 cesse
879 3680 910 3740 in
924 3691 993 3740 vete
1007 3683 1134 3742 vocavit.
1302 3684 1360 3742 'tto

371 3773 510 3851 Namque
524 3773 574 3832 diu
588 3772 716 3844 luctans,
733 3773 875 3852 lentoque
889 3775 920 3833 in
934 3775 1025 3853 stirpe
1039 3785 1182 3848 moratus,

370 3866 493 3928 Viribus
507 3865 587 3926 bnud
601 3867 668 3926 ullis
683 3867 775 3927 veluit
789 3868 958 3928 discludere
975 3888 1093 3928 morsus

371 3961 501 4022 Roboris
514 3961 643 4023 AEness.
685 3961 766 4020 Dum
780 3962 884 4022 nititur
896 3981 979 4034 noer,
994 3971 1025 4021 et
1042 3962 1142 4036 instet,

371 4057 490 4118 Rursus
504 4056 534 4117 in
548 4058 660 4136 surige
674 4057 781 4117 faciem
795 4066 909 4117 mutsts
921 4057 1041 4117 Metisci

374 4149 536 4222 Procurrit,
553 4150 698 4227 fratrique
714 4171 816 4210 ensem
829 4151 888 4210 dec
899 4150 1022 4210 Dcuuie
1034 4151 1140 4211 reddit.
1301 4153 1358 4212 115

374 4241 463 4310 Quod
476 4242 581 4302 Venus
595 4244 703 4304 eudeci
716 4244 745 4303 N
746 4246 863 4323 ymphse
877 4245 1030 4324 indignato
1042 4246 1145 4319 licere,

373 4336 523 4409 Accessit,
537 4339 687 4416 telumque
702 4335 816 4397 alteas
830 4339 931 4398 radice
942 4337 1068 4400 revellit
