3167 5234
497 495 498 500 ’
559 481 737 579 iansrnos
756 529 888 577 crant.

235 667 291 726 Eat
304 673 334 725 et
348 665 527 725 Volscorum
542 665 668 744 egregii
680 668 717 726 de
731 676 822 746 gcntc
836 667 975 742 Camilla,

236 763 353 839 Agmen
368 779 463 838 agens
477 761 620 837 equitnm,
636 769 666 818 et
680 761 821 819 florentes
835 781 897 820 are
911 773 1058 823 catervas.

236 853 325 922 Qutd
340 855 365 912 si
379 873 425 911 me
440 853 535 912 solum
548 854 661 912 Teucri
675 855 704 912 in
718 856 881 913 certamina
895 866 1031 934 poscunt,

235 946 328 1024 ldque
343 947 451 1024 placet,
467 947 640 1024 tantumque
654 949 740 1006 bonis
754 950 958 1008 communibus
971 952 1057 1010 obsto
1070 970 1079 1022 ς

234 1040 262 1100 N
265 1059 303 1098 on
318 1040 393 1098 adeo
407 1041 466 1107 has,
476 1059 568 1098 exosa
582 1060 688 1100 manus
705 1042 841 1101 Victoria
855 1043 941 1122 sugit,

233 1132 272 1191 Ut
287 1131 372 1191 tanti
386 1134 545 1211 quidquam
560 1154 613 1213 pro
627 1155 680 1212 spe
694 1143 810 1193 tentare
824 1155 971 1194 recusem.

234 1225 288 1285 lbo
302 1227 407 1285 animis
421 1227 525 1286 contri
539 1247 547 1297 ;
571 1229 618 1302 rel
632 1247 771 1307 magnum
784 1239 905 1305 praestet
919 1231 1078 1304 Achillem,

233 1319 389 1396 Factaque
404 1319 533 1380 Vulcani
547 1321 684 1380 manibus
698 1322 782 1400 paria
796 1323 898 1380 induat
912 1343 997 1382 arma

207 1453 210 1464 ·
234 1413 287 1472 Ille
302 1415 382 1472 licet.
424 1414 519 1472 Vobis
534 1417 662 1474 animam
676 1417 752 1474 hanc
768 1435 934 1492 soceroque
947 1417 1067 1490 Latino,

234 1505 354 1566 Turnus
368 1528 435 1586 ego,
453 1509 531 1566 haud
546 1510 598 1568 ulli
613 1518 745 1570 veterum
761 1510 868 1568 virtute
883 1511 1043 1584 secandus,

232 1599 359 1660 Devovi.
403 1601 504 1660 Solum
517 1603 638 1660 AEneas
652 1610 759 1660 vocat:
783 1611 823 1673 et,
840 1612 937 1673 vocet,
955 1623 1017 1662 oro.

232 1693 299 1754 Nec
312 1695 451 1754 Drances
465 1695 572 1773 potiits,
589 1696 651 1754 sive
666 1703 711 1753 est
725 1696 789 1754 haec
804 1696 850 1753 ira
863 1695 998 1767 deorum,

159 1781 160 1789 ’
231 1785 330 1846 Morte
344 1789 408 1845 luat
423 1807 431 1858 3
454 1789 517 1846 sive
532 1797 576 1846 est
591 1789 684 1846 virtus
698 1797 727 1846 et
744 1789 850 1866 gloria,
867 1789 959 1847 tollat.

271 1881 319 1939 llli
334 1882 399 1940 haec
413 1882 490 1939 inter
503 1901 536 1939 se
550 1882 647 1940 dubiis
661 1882 698 1940 de
713 1883 804 1939 rebus
818 1883 950 1960 agebant

233 1973 414 2034 Certantes:
437 1984 537 2033 castra
552 1973 667 2032 AEneas
682 1975 837 2050 aciemque
852 1978 997 2034 movebat.

232 2069 361 2128 Nuntius
376 2069 487 2147 ingenti
502 2087 555 2145 per
569 2068 654 2145 regia
667 2076 748 2127 tecta
761 2070 888 2126 tumultu

231 2161 315 2220 Ecce
329 2164 399 2234 ruit,
415 2161 591 2239 magnisque
607 2163 710 2218 urbam
723 2162 888 2220 terroribus
903 2162 1004 2240 implet
1017 2181 1026 2233 ;

232 2254 397 2314 Instructos
412 2256 476 2314 acie
490 2257 634 2313 Tiberino
648 2275 667 2312 a
681 2257 800 2313 flumine
814 2257 952 2314 Teucros

230 2349 478 2426 Tyrrhenamque
493 2368 611 2406 manum
625 2349 695 2406 totis
709 2349 893 2406 descendere
908 2349 1028 2426 campis.

230 2444 388 2520 Extemplo
402 2444 512 2502 turbati
528 2443 627 2513 animi,
645 2462 853 2519 concussaque
867 2444 949 2522 vulgi

229 2536 371 2607 Pectora,
388 2547 417 2594 et
432 2546 556 2595 arrectae
571 2537 697 2595 stimulis
711 2535 790 2594 haud
806 2537 942 2594 mollibus
955 2536 1018 2594 irta.

230 2629 326 2690 Arma
340 2649 429 2688 mann
443 2630 549 2708 trepidi
565 2638 690 2706 poscunt
704 2649 711 2699 ;
735 2630 833 2688 fremit
847 2649 929 2687 arma
939 2630 1081 2706 juventus
1096 2647 1105 2699 3

229 2720 319 2780 Flent
333 2724 431 2782 moesti
445 2733 637 2800 mussantque
653 2733 762 2801 patros.
806 2723 870 2782 Hic
883 2723 1014 2799 undique
1028 2722 1142 2782 clamor

228 2813 378 2874 Dissensn
393 2817 476 2874 vario
490 2835 618 2894 magnus
631 2835 663 2874 se
678 2817 752 2875 tollit
766 2817 795 2874 in
811 2835 900 2873 auras
916 2835 923 2872 :
1157 2817 1217 2874 455

229 2908 323 2967 Haud
338 2929 427 2968 secus
442 2919 531 2986 atque
547 2911 607 2968 alto
621 2911 651 2967 in
664 2911 732 2968 luco
748 2929 837 2987 quum
850 2908 926 2967 forto
941 2915 1072 2968 catervas

231 3001 407 3062 Consedere
421 3004 531 3074 avium,
548 3005 703 3098 piqcosove
718 3023 805 3060 amna
819 3003 946 3062 Padusae

229 3095 312 3154 Dant
328 3097 454 3154 sonitum
469 3097 554 3154 rauci
569 3117 622 3174 per
636 3105 741 3174 stagna
757 3097 895 3172 loquacia
908 3097 1004 3172 cycni.
1101 3110 1104 3118 '

230 3188 335 3261 Immo,
353 3189 404 3262 ait,
421 3209 438 3247 o
452 3190 545 3262 cives,
562 3199 680 3267 arrepto
694 3201 838 3267 ternpore,
853 3189 987 3261 Turnus,

230 3281 340 3360 Cogite
356 3284 524 3354 concilium,
542 3294 570 3341 et
586 3303 689 3361 pacem
704 3283 822 3341 laudate
836 3283 996 3340 sedente:
1156 3284 1217 3343 450

229 3376 277 3435 Illi
291 3377 382 3436 armis
397 3379 425 3435 in
441 3397 534 3456 regna
548 3387 645 3437 ruant.
688 3377 716 3434 N
719 3395 756 3434 ec
770 3378 857 3454 plura
870 3378 987 3436 loeutus

230 3469 384 3548 Corripuit
398 3490 476 3543 sese,
493 3481 522 3530 et
536 3472 624 3530 tectis
639 3471 715 3529 citus
729 3470 834 3528 extulit
848 3470 924 3528 altis.

228 3564 290 3636 Tu,
306 3564 430 3636 Voluse,
448 3566 557 3623 armari
571 3564 750 3623 Volscorum
765 3564 851 3621 edice
865 3563 1001 3640 maniplis
1015 3580 1023 3634 3

227 3654 311 3728 Duc,
328 3657 378 3729 ait,
395 3667 424 3716 et
439 3659 578 3718 Rutulos.
620 3659 770 3734 Equitem,
786 3657 958 3734 Messapus,
973 3656 1004 3714 in
1018 3653 1117 3726 umis,

227 3749 268 3808 Et
284 3751 458 3810 cumfratre
473 3753 582 3824 Coras,
599 3753 666 3810 letis
681 3751 834 3810 diffundite
848 3752 971 3828 campis.
1156 3749 1217 3806 465

228 3841 305 3902 Pars
319 3845 417 3904 aditus
432 3846 514 3905 urbis
528 3847 655 3916 firment,
671 3854 829 3920 turresque
843 3849 1024 3920 capessent:

230 3933 363 4010 Caetera,
380 3937 441 4015 quis
450 3941 544 4016 jusso,
561 3958 676 3997 mecum
691 3957 796 3996 manus
811 3938 917 3994 inferat
931 3955 1024 3995 arma.

268 4030 355 4090 Ilicet
372 4033 400 4089 in
416 4053 515 4092 rnuros
529 4033 594 4092 tort
606 4032 782 4090 discurritur
797 4033 884 4088 urbe.

231 4123 397 4184 Coriciliurn
414 4128 476 4204 ipse
492 4136 575 4205 peter
589 4135 618 4184 et
632 4144 741 4203 magna
756 4125 874 4200 incepta
889 4123 1019 4182 Latinus
1110 4200 1117 4208 .

227 4217 362 4291 Deserit,
381 4240 417 4278 ac
431 4222 508 4279 tristi
521 4224 657 4279 turbatus
670 4229 803 4296 ternpore
818 4219 924 4277 differt.
1156 4219 1218 4278 470

227 4309 386 4390 Multaque
401 4333 434 4372 se
449 4315 576 4387 incusat,
594 4315 716 4392 quinon
731 4312 881 4392 acceperit
901 4313 979 4371 ultro

505 4411 571 4466 26·
885 4421 940 4464 rau
