3167 5234
386 563 447 624 280
678 559 706 607 Ρ.
726 558 895 606 VlRGlLll
917 556 1091 607 MARONIS

386 701 504 761 Vocem
517 700 706 775 animamque
719 698 808 777 rapit,
821 699 947 776 trajecto
961 706 1081 777 gutture
1097 714 1104 769 3
1128 704 1158 755 at
1171 697 1222 757 ille

386 794 500 854 Fronte
514 795 581 853 serit
595 802 717 863 terram,
732 800 762 851 et
776 813 913 852 crassum
926 793 1016 851 vomit
1030 810 1082 851 ora
1096 808 1245 851 eruorem

386 888 466 949 Tres
482 908 601 967 quoque
613 888 787 960 Threicios,
804 886 912 947 Boreae
927 888 963 947 da
979 895 1068 966 gente
1087 884 1238 965 supremi,
1323 886 1384 944 350
1479 965 1485 979 Ι

385 984 427 1043 Et
440 992 513 1056 tres,
531 1003 606 1060 quos
620 982 690 1041 Idas
704 995 790 1060 pater
804 990 834 1039 et
849 982 945 1059 patria
959 982 1076 1039 Ismara
1088 980 1186 1051 mittit,

385 1078 447 1137 Per
459 1079 558 1137 varios
572 1077 678 1137 sternit
691 1096 790 1135 casus.
831 1077 973 1135 Accurrit
987 1074 1133 1146 Halesus,
1149 1072 1153 1079 '

386 1175 601 1251 Auruncaeque
617 1192 724 1232 manus
739 1191 747 1242 ;
771 1174 850 1231 subit
865 1180 894 1231 ct
909 1172 1061 1249 Neptunia
1075 1171 1182 1248 proles,

386 1268 517 1347 Insignis
530 1266 691 1345 Messapus
704 1266 801 1344 equis.
844 1266 1006 1345 Expellere
1019 1264 1145 1324 tendunt

385 1360 476 1421 Nunc
491 1362 532 1434 hi,
549 1380 628 1420 nunc
642 1360 685 1420 illi
702 1380 711 1418 ι
734 1368 868 1418 certatur
880 1359 980 1418 limine
994 1359 1024 1417 in
1038 1359 1103 1437 ipso
1320 1360 1382 1417 ³55

384 1456 540 1515 Ausonias.
584 1453 703 1533 Magno
718 1454 872 1513 discordes
887 1454 998 1513 aethere
1012 1452 1093 1511 venti

384 1548 499 1609 Proelia
511 1569 569 1607 ceu
583 1549 700 1620 tollunt,
718 1548 824 1607 animis
839 1556 868 1605 et
883 1547 995 1607 viribus
1010 1546 1124 1623 aequis:

384 1642 455 1701 Non
468 1642 525 1720 ipsi
540 1642 618 1701 inter
632 1662 677 1712 se,
694 1662 753 1700 non
768 1642 881 1713 nubila,
898 1660 957 1700 non
971 1658 1054 1699 mare
1069 1638 1198 1698 cedunt:

383 1736 507 1813 Auceps
520 1755 623 1814 pugna
636 1736 686 1793 diu
701 1755 708 1805 ;
732 1742 812 1794 stant
827 1734 938 1794 obnixa
951 1734 1050 1792 omnia
1064 1734 1179 1793 contre.

384 1827 478 1888 Haud
493 1830 581 1887 aliter
593 1829 735 1906 Trojauae
751 1829 834 1887 acies
849 1829 991 1906 aciesque
1005 1827 1123 1886 Latinae
1320 1828 1380 1886 860

385 1921 580 1983 Concurrunt
594 1942 602 1992 ;
627 1922 721 1983 haeret
736 1924 812 2001 pede
827 1943 891 2000 pes,
906 1923 1077 1999 densusque
1092 1922 1155 1981 viro
1169 1920 1229 1981 vir.

415 2018 464 2076 'At
478 2029 563 2094 parte
582 2034 621 2075 ex
634 2016 705 2090 alit,
724 2015 785 2096 qud
799 2036 873 2076 saxa
886 2017 1016 2076 rotantia
1028 2014 1088 2075 late

1275 1622 1290 1655 Ι

383 2108 546 2188 Impulerat
559 2121 678 2170 torrens
692 2113 876 2189 arbustaque
891 2112 989 2170 diruta
1002 2110 1085 2188 ripis,

382 2204 532 2277 Arcadas,
548 2205 683 2263 insuetos
697 2206 781 2264 acies
795 2206 906 2264 inferre
922 2205 1087 2283 pedestres,

383 2296 423 2356 Ut
437 2298 509 2357 vidit
522 2298 623 2357 Pallas
636 2300 726 2357 Latio
740 2298 814 2357 dare
828 2307 916 2377 terga
929 2298 1064 2376 sequaci,

383 2392 505 2470 Aspera
520 2393 605 2469 queis
618 2402 727 2452 natura
740 2394 799 2452 loci
814 2394 961 2451 dimittere
977 2393 1095 2469 quando

385 2487 486 2546 Suasit
500 2506 595 2566 equos
607 2508 615 2559 ;
639 2508 731 2547 uuum
746 2490 825 2565 quod
839 2490 931 2547 rebus
945 2495 1038 2547 restat
1053 2488 1169 2566 egenis,

382 2581 474 2641 Nunc
489 2603 591 2662 prece,
607 2602 688 2642 nunc
701 2584 790 2643 dictis
804 2584 944 2643 virtutem
958 2584 1097 2643 accendit
1107 2584 1237 2643 amaris:

347 2677 350 2682 ’
422 2676 493 2744 Qua
508 2676 621 2756 sugitis,
638 2677 713 2736 socii
728 2677 739 2734 l
760 2697 815 2756 per
830 2697 882 2737 vos
897 2686 926 2736 ct
940 2677 1027 2735 fortia
1045 2678 1136 2750 facta,

381 2768 442 2829 Per
455 2770 541 2828 ducis
554 2770 690 2829 Evandri
705 2791 824 2844 nomen,
840 2770 1017 2849 devictaque
1033 2772 1122 2843 bella,
1317 2776 1375 2833 sto

343 2881 349 2892 ·
382 2864 532 2940 Spemque
546 2883 654 2936 meam,
672 2865 776 2943 patriae
792 2885 859 2942 quea
874 2884 954 2924 nunc
968 2866 1046 2923 subit
1061 2866 1169 2924 aemula
1181 2866 1272 2940 laudi,

380 2955 480 3015 Fidite
494 2975 532 3015 ne
547 2957 682 3035 pedibus.
724 2958 822 3018 Ferro
837 2960 1002 3037 rumpenda
1016 2980 1070 3037 per
1086 2960 1187 3019 hostes

380 3050 437 3109 Est
451 3050 509 3109 via.
553 3050 626 3119 Qus
638 3052 747 3130 globus
761 3054 811 3113 ille
826 3052 922 3112 virum
936 3054 1130 3113 densissimus
1145 3062 1243 3133 urget,

379 3142 453 3208 Hac
469 3164 522 3202 vos
537 3151 566 3203 et
580 3145 720 3205 Pallanta
735 3148 843 3206 ducem
858 3149 954 3226 patria
970 3149 1030 3207 alta
1044 3148 1185 3227 reposcit.

379 3236 409 3297 N
412 3240 513 3298 umine
526 3239 609 3297 nulla
626 3249 781 3317 premunt:
805 3243 922 3304 mortali
937 3262 1080 3322 urgemur
1094 3245 1132 3301 ab
1150 3242 1235 3304 hoste
1314 3246 1373 3304 375

378 3332 524 3393 Mortales
537 3354 546 3405 ;
569 3334 690 3394 totidem
704 3337 790 3395 nobis
805 3338 972 3414 animmque
987 3356 1165 3416 manusque.
1390 3342 1393 3351 ¹

378 3428 473 3502 ane,
489 3430 581 3489 maris
595 3430 706 3509 magud
720 3432 831 3491 claudit
846 3452 901 3490 nos
916 3432 1013 3509 objice
1029 3441 1135 3511 pontus
1150 3451 1158 3503 ;

376 3520 473 3582 Deest
483 3523 547 3600 jam
560 3533 640 3583 terra
655 3526 753 3604 lugae:
776 3528 913 3605 pelagus,
930 3528 1093 3604 Trojsmne
1108 3526 1269 3605 petamus?

416 3616 495 3677 Haec
510 3617 561 3689 ait,
578 3627 608 3675 et
622 3618 737 3677 medius
751 3619 861 3678 densos
876 3620 1038 3698 prorumpit
1053 3621 1082 3679 iu
1100 3622 1209 3679 hostes.

376 3710 491 3772 Obvius
505 3715 575 3773 huic
590 3715 725 3793 primirm,
741 3716 811 3775 satis
826 3716 971 3775 adductus
985 3716 1104 3794 iniquis,
1309 3718 1371 3805 §80

375 3806 425 3865 Fit
438 3807 565 3887 Lagus:
588 3807 679 3881 hunc,
696 3830 805 3889 magno
821 3812 901 3870 vellit
916 3812 986 3869 dum
1000 3813 1131 3889 pondere
1145 3830 1261 3885 saxum,

375 3898 490 3959 Intorto
504 3902 568 3980 figit
581 3904 653 3974 telo,
671 3904 843 3963 discrimina
858 3906 949 3964 costis

374 3993 435 4051 Per
447 3995 576 4053 medium
591 3996 652 4073 qud
665 3997 751 4076 spina
764 3996 855 4070 dedit,
872 3997 1049 4077 hastamque
1064 4008 1199 4078 receptat

374 4085 501 4146 Ossibus
516 4088 688 4151 haerentem.
732 4092 832 4160 Quem
847 4112 906 4153 non
921 4094 1154 4173 superoccupat
1169 4094 1280 4169 Hisbo,

375 4179 430 4238 Ille
445 4182 564 4256 quidem
577 4184 635 4243 hoc
649 4206 774 4263 sperans
788 4206 796 4257 ;
821 4208 891 4245 nam
904 4188 1007 4247 Pallas
1022 4188 1092 4247 ante
1107 4198 1254 4262 ruentem,
1309 4190 1368 4248 ³85

372 4272 455 4332 Dum
470 4275 551 4345 furit,
565 4278 717 4337 incautum
733 4280 848 4339 crudeli
864 4293 957 4340 morte
972 4282 1094 4354 sodalis,

372 4366 504 4447 Excipit,
521 4378 612 4446 etque
626 4388 729 4430 ensem
743 4373 856 4432 tumido
872 4376 902 4433 in
917 4376 1055 4453 pulmone
1070 4376 1214 4437 recondit.
