3167 5234
386 530 445 589 sla
672 485 699 573 13.
716 524 884 575 νιιιιιιιιι
907 522 1077 577 Minonis

387 659 457 723 Tali
470 664 549 724 intus
561 664 671 742 templo
684 663 792 738 diatim,
809 666 964 744 patriique
976 668 1105 726 Latinus

388 759 467 818 Sede
480 759 599 830 sedens,
613 759 751 816 Teucros
765 760 804 817 ad
818 778 885 818 sesa
900 760 929 817 in
943 770 1024 819 tecta
1037 760 1154 819 vocant
1167 778 1175 831 3

387 852 488 928 Atque
502 854 567 911 haec
581 852 725 931 ingressis
739 853 855 930 placido
870 853 950 930 prior
964 854 1054 911 edidit
1066 872 1119 911 ora
1132 872 1139 911 ι

426 944 539 1017 Dicite,
554 944 748 1017 Dardanidae,
767 964 866 1021 neque
881 947 958 1005 enim
973 946 1122 1004 nescimus
1136 955 1166 1005 et
1180 948 1284 1006 urbem
1316 949 1371 1007 195

387 1038 428 1097 st
441 1058 547 1119 genus,
563 1038 716 1115 auditique
730 1038 883 1097 advertitis
898 1058 1017 1115 equore
1032 1058 1163 1111 cursum,

389 1131 470 1201 Quid
485 1133 582 1210 petitis
596 1132 607 1188 l
629 1152 696 1208 qum
710 1150 804 1189 causa
818 1141 909 1203 rates,
925 1142 976 1189 aut
990 1132 1076 1207 cujus
1089 1138 1214 1209 egentes

387 1224 487 1285 Littus
501 1224 537 1283 ad
555 1224 718 1283 Ausonium
731 1231 774 1282 tot
788 1244 842 1302 per
856 1224 932 1282 vada
946 1226 1058 1283 caerula
1072 1225 1149 1284 vexit
1163 1224 1174 1282 l

389 1318 458 1377 Sive
472 1336 573 1377 errore
588 1319 653 1389 vim,
669 1338 723 1377 seu
736 1318 962 1395 tempestatibus
976 1318 1046 1388 acti,

388 1410 517 1489 (Qualia
530 1411 624 1470 multa
636 1411 711 1469 mari
724 1420 823 1470 nautae
838 1411 989 1489 patiuntur
1002 1410 1031 1469 in
1046 1410 1134 1487 alto,)
1310 1414 1369 1471 200

389 1503 535 1564 Fluminis
547 1505 678 1564 intristis
691 1504 782 1581 ripas,
800 1512 945 1581 portuque
959 1503 1070 1561 sedetis
1083 1522 1090 1573 ;

387 1597 437 1657 Na
451 1598 544 1676 sugite
558 1599 726 1675 hospitium,
742 1616 819 1655 neve
833 1598 966 1675 ignorate
980 1598 1105 1657 Latinos

389 1692 509 1750 Saturni
523 1700 653 1769 gentem,
669 1690 748 1748 haud
763 1690 860 1749 vinclo
875 1710 931 1749 nec
944 1691 1062 1770 legibus
1077 1710 1203 1767 aequam,

389 1782 500 1862 Sponte
515 1782 581 1855 sud,
598 1784 767 1860 veterisque
781 1783 829 1841 dei
843 1802 876 1841 ss
891 1802 972 1843 more
985 1792 1144 1843 tenentem.

388 1878 489 1954 Atque
503 1877 642 1954 equidem
654 1878 772 1935 memini
787 1876 881 1954 (sama
894 1888 939 1935 est
953 1878 1108 1936 obscurior
1122 1877 1221 1956 annis)
1310 1877 1368 1935 206

389 1972 548 2029 Auruncos
561 1970 602 2028 ita
615 1969 693 2028 serra
708 1990 796 2029 senes
809 1990 817 2040 ;
841 1970 887 2027 his
901 1979 984 2029 ortus
998 1978 1029 2029 ut
1044 1970 1125 2048 agris

387 2064 550 2123 Dardanus
564 2063 663 2122 ldoeas
675 2063 815 2142 Phrygiae
830 2061 992 2142 penetritrit
1007 2062 1044 2121 ad
1059 2065 1159 2135 urbes,

387 2158 620 2234 'Pbrsiciamqus
634 2159 765 2230 Samum,
781 2177 847 2234 quas
862 2176 941 2215 nunc
956 2156 1161 2215 Samothracia
1174 2155 1277 2215 fertur.

388 2251 472 2320 Hinc
486 2251 568 2309 illum
582 2249 708 2327 Corythi
722 2249 882 2327 Tyrrheni
895 2252 933 2308 ab
947 2249 1018 2308 sede
1033 2250 1197 2328 profectum

388 2344 836 2404 Aureanuncsoliostellantis
849 2344 935 2421 regia
949 2344 1018 2403 coeli
1311 2346 1369 2401 210

388 2438 518 2515 Accipit,
533 2446 563 2495 et
576 2456 731 2495 numerum
744 2436 878 2495 divorum
893 2436 1035 2495 altaribus
1054 2436 1144 2495 addit.

427 2530 555 2589 Dixerat
568 2550 576 2600 3
599 2539 629 2589 et
643 2530 723 2589 dicta
737 2528 868 2587 llioncus
882 2530 926 2587 sic
940 2548 1014 2588 voce
1029 2538 1150 2589 secutus
1165 2547 1173 2587 ι

387 2624 467 2696 Rex,
483 2644 579 2702 genus
592 2624 746 2702 egregium
759 2623 867 2697 Fauni,
884 2642 940 2681 nec
954 2624 1093 2681 fluctibus
1107 2632 1191 2683 actos

387 2718 464 2777 Atra
477 2717 595 2795 subegit
608 2718 702 2775 hiems
716 2717 823 2774 vestris
836 2716 1000 2774 succedere
1013 2716 1112 2787 terris,

388 2810 456 2870 Nec
468 2810 550 2869 sidus
564 2810 685 2887 regione
699 2809 756 2867 vim
770 2809 888 2869 littusve
904 2809 1015 2867 sescllit.
1308 2810 1368 2869 216

388 2902 523 2963 Consilio
535 2903 615 2963 hanc
629 2922 730 2961 omnes
743 2902 908 2979 animisque
923 2904 1089 2961 volentibus
1103 2904 1206 2962 urbem

387 2994 559 3065 Afferimur,
575 2995 651 3071 pulsi
665 2996 777 3073 regnis,
793 3015 861 3071 qum
874 2996 1001 3055 maxima
1015 2997 1164 3073 quondam

388 3088 531 3147 Extremo
544 3088 667 3145 veniens
680 3087 725 3145 sol
740 3087 920 3164 adspiciebat
935 3090 1070 3168 Olympo.

388 3181 436 3240 Ab
450 3180 527 3240 Jove
542 3180 715 3257 principium
729 3181 851 3257 generis
864 3200 873 3250 ;
893 3182 970 3241 Jove
984 3184 1129 3242 Dardana
1144 3183 1238 3262 pubes

387 3274 509 3335 Gaudet
522 3293 598 3343 avo;
621 3293 675 3333 rex
688 3274 762 3352 ipse,
778 3273 864 3333 Jovis
878 3274 914 3333 de
928 3286 1017 3355 gente
1032 3277 1182 3355 supremi,
1308 3277 1368 3335 Μ

387 3368 498 3427 Τιοῑιιι
511 3368 630 3426 AEneas
643 3376 696 3426 tua
708 3388 763 3426 nos
777 3367 815 3427 ad
829 3368 929 3427 limina
946 3370 1033 3429 misit.

388 3461 510 3528 Quanta
524 3480 577 3538 per
590 3459 687 3519 idaeos
700 3460 789 3519 saevis
803 3461 899 3519 effusa
918 3460 1055 3538 Mycenis

388 3552 565 3632 Tempestas
579 3553 645 3613 ierit
658 3573 780 3631 campos
794 3573 802 3623 ;
827 3555 934 3631 quibus
948 3562 1031 3613 actus
1046 3563 1171 3631 uterque

387 3647 518 3725 Europae
532 3655 621 3723 etque
634 3648 716 3705 Asiae
729 3646 799 3706 setis
813 3648 996 3707 concurrerit
1010 3648 1091 3706 orbis
1103 3667 1112 3717 ς

386 3741 499 3812 Audiit,
516 3749 546 3798 et
558 3742 584 3799 si
598 3760 687 3816 quem
699 3741 788 3801 tellus
801 3750 935 3801 extrema
947 3743 1047 3801 refuso
1307 3742 1367 3801 295

387 3834 548 3892 Submovet
561 3853 685 3906 oceano,
700 3844 731 3893 ct
745 3836 772 3893 si
785 3854 874 3913 quem
887 3845 1005 3895 extenta
1018 3838 1173 3915 plagarum

387 3925 526 3993 Quattuor
538 3928 569 3984 in
582 3927 679 3987 medio
692 3928 801 3987 dirimit
815 3930 904 4007 plaga
918 3929 987 3987 solis
1001 3929 1102 4005 iniqui.

385 4020 508 4080 Diluvio
522 4039 560 4080 ex
573 4022 623 4081 illo
635 4032 679 4082 tot
692 4033 777 4083 vasta
791 4044 846 4102 per
859 4042 980 4101 aequora
993 4026 1081 4097 vecti,

385 4114 443 4172 Dis
456 4115 558 4172 sedem
570 4116 710 4194 exiguam
724 4118 837 4195 patriis,
854 4119 993 4195 littusque
1008 4138 1147 4197 rogamus

385 4207 560 4278 innocuum,
576 4217 606 4267 et
619 4210 735 4269 cunctis
749 4211 917 4288 undamque
931 4230 1095 4289 auramque
1109 4218 1269 4289 patentem.
1307 4210 1368 4271 2³0

384 4300 454 4361 Non
468 4302 578 4361 erimus
591 4322 686 4381 regno
700 4304 856 4362 indecores
870 4323 878 4374 ;
901 4324 958 4365 nec
972 4313 1072 4365 vestra
1086 4305 1199 4368 feretur
1211 4302 1226 4377 ’,
1324 4366 1331 4371 ,
