3167 5234
588 577 763 632 thurcos
783 579 854 626 mn
868 579 887 625 1.

242 721 403 796 Terraque
417 717 589 778 transierint
602 717 724 777 Rutulis
736 713 864 776 hiberna
877 716 1018 775 subactis.

243 815 282 874 At
296 832 372 892 puer
384 812 546 884 Ascanius,
563 811 612 870 cui
627 831 706 871 nunc
720 830 887 889 cognomen
901 810 968 869 lulo

244 905 395 986 [Additum
413 905 491 982 (llus
505 917 581 976 crat,
597 905 667 964 dum
680 923 730 963 res
744 905 825 962 stetit
839 904 896 961 llis
907 902 1044 982 regno‚)]

243 998 381 1078 Triginta
394 1017 520 1077 magnos
532 998 685 1056 volvendis
700 998 852 1056 mensibus
866 998 956 1054 orbes

241 1091 371 1171 Imperio
386 1092 526 1169 explebit,
543 1109 728 1170 regnumque
742 1093 781 1150 ab
794 1089 866 1150 sede
878 1088 987 1148 Lavini
1170 1091 1230 1148 900

242 1187 430 1259 Transferat,
446 1195 476 1244 et
490 1187 610 1264 longam
624 1185 718 1244 multi
731 1187 760 1244 vi
773 1185 886 1244 muniet
899 1185 1017 1244 Albam.

241 1279 304 1339 Hic
321 1279 385 1357 jam
398 1287 577 1338 tercentum
591 1287 669 1338 totos
682 1279 859 1358 regnabitur
871 1297 966 1336 annos

241 1375 340 1434 Gentc
355 1377 410 1434 sub
425 1372 605 1446 Hectorei3
622 1375 718 1434 donec
732 1375 839 1454 regina
852 1374 994 1433 sacerdos

241 1467 340 1526 Marte
354 1468 457 1548 gravis
471 1468 618 1546 geminam
634 1477 719 1546 partu
733 1467 815 1526 dabit
830 1466 886 1524 llia
899 1468 1020 1544 prolem.

243 1559 316 1620 Inde
330 1562 408 1639 lupae
422 1561 503 1622 fulvo
518 1561 641 1620 nutricis
654 1561 785 1640 tegmine
799 1561 886 1620 laetus
1171 1559 1230 1618 m

243 1653 388 1712 Romulus
401 1654 529 1731 excipiet
542 1663 673 1732 gentem,
690 1663 720 1712 et
735 1652 889 1712 Mavortia
902 1651 1011 1712 condet

242 1745 366 1820 Moenia,
381 1748 595 1825 Romanosque
610 1767 665 1807 suo
679 1747 716 1806 de
730 1749 848 1806 nomine
862 1747 951 1806 dicet.

240 1841 300 1901 His
313 1861 372 1920 ego
386 1860 443 1900 nec
456 1849 552 1900 metas
565 1861 665 1900 rerum
679 1859 735 1900 nec
749 1851 884 1918 tempora
902 1859 1001 1918 pono:

204 1997 207 2005 ,
241 1935 402 2013 Imperium
416 1935 480 1994 sine
493 1935 553 1994 fine
567 1935 644 1994 dedi.
688 1934 770 2002 Quin
784 1953 894 2013 aspera
904 1934 996 2005 duno,

241 2028 317 2097 Qum
332 2047 416 2087 mare
430 2047 510 2088 nnnc
523 2037 680 2106 terraeque
694 2037 775 2087 metu
789 2029 958 2104 coelumque
972 2026 1088 2106 fatigat,
1170 2027 1229 2087 280

242 2122 378 2182 Consilia
391 2123 422 2182 in
435 2123 542 2181 melius
555 2123 676 2195 reseret,
691 2140 869 2199 mecumque
883 2121 994 2180 fovebit

240 2215 404 2288 Romanos,
420 2235 520 2276 rerum
534 2215 667 2275 dominos
678 2223 860 2294 gentemque
873 2223 1015 2293 togatam.

241 2309 289 2368 Sic
304 2311 455 2388 placitum.
496 2308 606 2368 Veniet
621 2310 722 2368 lustris
736 2310 904 2368 labentibus
916 2317 1002 2379 retas,

241 2401 341 2468 Quum
356 2402 460 2462 domus
474 2403 619 2462 Assaraci
633 2403 770 2462 Phthiam
790 2403 949 2480 clarasque
962 2401 1110 2478 Mycenas

240 2497 368 2556 Servilio
382 2504 505 2574 premet,
522 2515 559 2555 ac
572 2497 660 2556 victis
674 2497 873 2555 dominabitur
885 2496 987 2574 Argis.
1166 2497 1226 2554 aab

240 2589 391 2649 Nascetur
404 2589 530 2668 pulchris
542 2590 694 2667 Trojanus
708 2589 824 2668 origine
838 2589 956 2662 Caesar,

240 2681 398 2762 Imperium
411 2703 536 2766 oceano,
553 2685 660 2742 samam
675 2684 727 2761 qui
740 2684 878 2742 terminet
892 2683 1000 2754 astris3

238 2775 348 2850 Julius,
364 2796 505 2856 amagno
519 2777 679 2836 demissum
693 2797 800 2836 nomen
815 2777 890 2836 lnlo.

238 2869 331 2929 Hunc
344 2879 377 2930 tu
391 2871 461 2930 olim
474 2871 563 2943 coslo,
580 2871 681 2950 spoliis
695 2871 829 2930 Orientis
842 2877 992 2943 onustum,

238 2963 379 3041 Accipies
393 2983 523 3024 secura:
545 2965 701 3025 vocabitur
715 2964 763 3023 hic
778 2983 898 3041 quoque
913 2964 998 3023 votis.
1166 2965 1227 3024 290

240 3057 357 3135 Aspera
371 3064 434 3114 tum
448 3057 551 3134 positis
564 3058 721 3117 mitescent
735 3059 847 3118 saecula
861 3057 956 3117 bellis.

239 3147 325 3208 Cana
338 3149 440 3223 Fides,
457 3159 487 3209 et
500 3150 607 3222 Vesta,
622 3151 720 3210 Reum
734 3171 804 3211 cum
815 3153 907 3210 fratre
922 3149 1086 3222 Quirinus„

236 3240 312 3301 Jura
327 3244 438 3302 dabunt
454 3263 461 3301 :
484 3244 556 3304 dirse
571 3244 650 3304 ferro
664 3253 693 3303 et
708 3247 902 3324 compagibus
916 3245 1009 3304 arctis

238 3334 428 3396 claudentur
441 3337 517 3398 Belli
533 3346 626 3416 portae
641 3357 648 3396 ι
670 3339 770 3398 Furor
783 3339 890 3416 impius
904 3339 994 3410 intus,

237 3431 326 3491 Serva
340 3432 448 3492 sedens
462 3453 553 3511 super
565 3453 660 3506 anna,
677 3443 706 3492 et
720 3443 839 3493 centum
853 3435 969 3492 vinctus
983 3433 1087 3494 ahenis
1166 3435 1226 3492 295

237 3523 311 3584 Post
323 3533 441 3604 tergum
455 3527 550 3598 nodis,
566 3526 672 3586 fremet
686 3527 824 3586 horridus
837 3547 890 3586 ore
904 3536 1038 3587 cruento.

278 3617 357 3676 Haec
371 3619 413 3678 ait
427 3639 435 3689 ;
460 3633 489 3678 et
503 3619 589 3679 Msit
601 3621 735 3699 genitum
749 3621 875 3680 demittit
889 3623 927 3680 ab
942 3622 1014 3692 alto,
1066 3607 1081 3616 ‘⁸

236 3709 277 3769 Ut
290 3719 389 3783 ter-rte,
405 3720 497 3789 utque
512 3732 596 3772 nova
611 3723 731 3792 pateant
745 3715 941 3793 Carthaginis
954 3732 1051 3777 arces·

235 3803 377 3882 Hospitio
390 3806 519 3866 Teucris
533 3827 541 3877 ;
565 3827 604 3866 ne
618 3808 671 3866 sati
685 3810 787 3867 nescia
800 3809 882 3866 Dido

235 3895 362 3957 Finibus
376 3907 503 3960 arceret.
545 3901 635 3960 Volat
650 3902 699 3960 ille
714 3921 767 3980 per
780 3903 853 3961 adra
865 3919 1007 3978 magnum
1162 3903 1223 3962 ³0⁰

235 3989 376 4070 Remigio
390 3993 516 4066 alarum,
534 4014 570 4054 ac
583 3995 689 4071 Libyae
704 3995 781 4054 citus
795 3994 907 4053 adstitit
920 3993 991 4053 oris.

235 4081 277 4141 Et
293 4085 356 4160 jam
371 4085 458 4162 jussa
471 4087 542 4148 feeit
557 4107 563 4146 :
587 4097 758 4166 ponuntque
773 4087 886 4146 ferocia
898 4086 985 4146 Pmni

237 4175 349 4250 Corda,
366 4181 484 4239 volente
498 4181 556 4241 deo
569 4201 577 4251 3
601 4182 631 4240 in
645 4180 746 4258 primis
759 4180 866 4258 regina
879 4181 1013 4257 quietum

235 4271 354 4349 Accipit
368 4272 398 4330 in
412 4273 550 4334 Teucros
564 4275 694 4334 animum
707 4283 895 4350 mentemque
910 4276 1079 4354 benignam.

273 4365 315 4426 m
329 4365 396 4444 pius
409 4367 541 4439 muers,
558 4375 742 4448 pernoctem
755 4367 882 4448 plurium
895 4368 1028 4442 volvens,
1163 4371 1223 4428 806

514 4465 532 4520 9
920 4479 947 4521 ss
