3167 5234
528 557 838 608 autonomon-mu.
852 561 906 609 ΙΙΙ.

223 699 291 759 Nee
304 696 402 756 mmm
415 695 532 756 interee
549 698 658 758 berbee
671 697 840 776 incanaque
852 705 955 760 menta

224 790 366 870 Cinyphii
378 788 502 850 tondent
516 791 602 863 birci,
619 799 760 869 setasque
774 802 940 865 comantes,

223 885 318 945 Usum
331 885 361 943 in
376 892 553 956 cestrorum,
569 892 599 943 et
612 885 730 944 mineris
743 887 892 947 velamina
904 886 1012 946 nentis.

222 978 394 1038 Pascuntur
406 975 479 1036 verb
494 978 597 1050 silvas,
613 986 644 1036 et
656 997 771 1038 summe
789 979 906 1056 Lycei,

223 1071 453 1148 Hominesque
467 1072 568 1143 rubos,
584 1079 614 1130 et
627 1080 763 1132 amantes
776 1072 871 1132 erdua
883 1073 987 1132 dumos
1002 1092 1012 1144 ;
1151 1075 1212 1134 315

222 1167 322 1241 Atque
336 1165 410 1242 ipse
423 1182 572 1224 memores
584 1165 711 1224 redeunt
730 1165 761 1226 in
774 1173 868 1238 tecte,
882 1185 1013 1244 suosque

222 1257 357 1330 Ducunt,
374 1264 404 1317 et
418 1257 543 1336 gravido
557 1234 700 1337 supeient
712 1259 763 1318 vix
776 1261 870 1318 ubere
883 1258 983 1320 limen.

222 1350 307 1428 Ergo
321 1351 401 1410 omni
414 1351 512 1410 studio
526 1351 656 1430 glaciem
668 1360 834 1430 ventosque
847 1352 974 1425 nivales,

224 1443 293 1512 Quo
308 1445 404 1504 minor
417 1453 463 1504 est
476 1444 534 1504 illis
548 1463 630 1504 curer
644 1445 777 1504 mortalis
789 1454 923 1524 egestus,

223 1539 352 1596 Avertes
365 1556 374 1608 ;
397 1538 568 1615 victumque
582 1538 662 1598 seres
675 1547 706 1597 et
719 1538 824 1616 virgee
836 1539 924 1598 letus
1151 1543 1213 1600 300

223 1631 351 1704 Pebnln,
367 1650 424 1692 nec
437 1631 502 1692 toti
516 1631 639 1692 cleudes
652 1631 766 1692 soenilia
779 1631 895 1692 brume

222 1727 264 1784 At
278 1724 362 1798 verb,
378 1725 526 1805 Zephyris
541 1745 631 1803 quum
644 1726 714 1785 laete
727 1725 904 1785 vocantibus
917 1735 1008 1786 testes

223 1817 258 1878 In
271 1819 367 1878 saltus
381 1826 538 1896 utrumque
552 1837 677 1898 gregem
691 1825 781 1896 etque
796 1818 827 1877 in
840 1838 955 1896 pascua
966 1819 1072 1892 mittet,

222 1911 357 1971 Luciferi
371 1913 466 1990 primo
479 1931 548 1971 enm
560 1912 659 1971 sidere
673 1911 781 1992 frigide
794 1931 868 1970 rure

224 2003 404 2084 Carpemus,
420 2006 491 2064 dum
504 2025 590 2065 mene
603 2025 724 2076 novum,
739 2006 810 2065 dum
826 2005 964 2084 gramine
976 2013 1097 2079 cenent,
1151 2008 1212 2066 ³25
1330 2049 1336 2064 .

222 2098 263 2158 Et
276 2119 327 2158 ros
341 2099 371 2158 in
385 2097 492 2184 teneri
504 2099 606 2178 pecori
619 2099 806 2177 gratissimus
818 2098 923 2162 berbi„

223 2192 307 2266 inde,
324 2193 376 2251 ubi
390 2200 497 2269 quarta
509 2191 588 2251 sitim
600 2191 671 2251 oceli
684 2191 840 2272 collegerit
854 2193 939 2266 bore,
1033 2176 1037 2190 ¹

222 2285 262 2346 Et
275 2294 367 2346 centu
383 2284 515 2363 querulee
530 2293 667 2362 rumpent
684 2287 809 2344 arbusta
821 2285 946 2359 cicadae,

221 2380 269 2440 Ae
283 2388 390 2458 puteos
404 2387 455 2438 eut
470 2379 530 2438 elte
542 2397 654 2457 greges
668 2378 706 2436 nd
720 2386 830 2457 stagno
844 2379 951 2455 jubeto

224 2471 405 2532 Currentem
418 2471 518 2551 ilignis
532 2480 636 2550 potare
651 2471 807 2530 canalibus
820 2472 930 2531 undem
945 2491 954 2530 ε
1152 2476 1213 2533 330

222 2567 364 2628 AEstibus
378 2575 409 2626 at
422 2567 527 2627 mediis
540 2569 712 2642 umbrosam
723 2567 884 2645 exquirere
897 2567 1016 2641 vallem,

224 2665 327 2723 Sicubi
340 2683 451 2742 magna
463 2664 484 2723 J
486 2663 550 2722 ovis
563 2663 687 2740 antiquo
700 2664 809 2722 robore
824 2682 954 2740 quercus

224 2757 366 2836 Ingentes
379 2756 481 2816 tendet
494 2777 604 2829 remos,
620 2765 672 2816 aut
687 2757 784 2816 sicubi
797 2757 916 2836 nigrum

224 2849 346 2911 Ilicibus
360 2851 475 2910 crebris
488 2851 576 2910 seori
590 2869 694 2910 nemus
708 2852 837 2910 eceubet
849 2848 956 2910 nmer
969 2870 978 2908 t

223 2943 302 3004 'l'um
314 2953 422 3004 tenues
436 2945 508 3004 dare
522 2965 626 3004 rursus
640 2963 746 3022 equas,
762 2952 792 3003 et
806 2963 931 3022 pascere
943 2965 1060 3020 rursus,
1151 2948 1211 3005 335

224 3037 301 3096 Solis
315 3037 352 3095 ad
367 3056 519 3110 occasum,
537 3056 627 3114 quum
641 3038 765 3117 frigidus
779 3041 855 3098 aira
869 3058 976 3117 vesper
1054 3104 1059 3114 ,

222 3129 397 3209 Temperet,
413 3139 443 3188 et
456 3131 550 3190 saltus
563 3132 660 3191 reficit
676 3132 739 3209 jam
756 3132 876 3191 roscida
888 3133 970 3205 luna,

222 3223 399 3300 Litteraque
414 3224 571 3302 alcyonem
590 3234 741 3298 resonent,
758 3225 948 3286 scalentbida
960 3225 1051 3286 durni.

262 3317 344 3384 Quid
358 3317 412 3376 tibi
427 3324 563 3395 penteres
575 3317 693 3395 Libyae,
709 3319 777 3396 quid
797 3337 911 3397 pascue
923 3338 1013 3379 versu

221 3411 405 3487 Prosequar,
426 3419 455 3468 et
469 3411 546 3470 reris
560 3411 694 3470 habitata
706 3413 836 3490 mapalia
852 3413 941 3472 tectis
955 3412 966 3468 i
1151 3413 1213 3471 340

223 3505 311 3583 Sept
325 3505 404 3564 (lieni
417 3513 605 3580 noctemque,
621 3513 651 3564 et
664 3513 757 3564 totum
771 3525 809 3564 ex
822 3506 926 3566 ordine
939 3524 1083 3579 mensem,

222 3597 363 3658 Pascitur
377 3599 458 3675 itque
474 3617 566 3676 pecus
587 3598 676 3677 longe
690 3599 721 3658 iu
734 3599 855 3657 deserta
868 3600 933 3658 sine
946 3599 1016 3658 ullis

222 3691 394 3769 Hospitiis:
416 3699 532 3750 tantum
546 3693 642 3770 campi
658 3692 750 3769 jacet.
788 3693 898 3751 Omnia
910 3711 1014 3750 secum

221 3783 431 3843 Armenterius
444 3784 519 3844 Aser
532 3785 604 3863 agit,
620 3793 802 3862 tectumque,
816 3784 1000 3860 Laremque,

221 3877 387 3954 Amoque,
403 3878 649 3956 Amyclaeumque
663 3897 779 3950 canem,
797 3877 1001 3952 Cressamque
1016 3874 1196 3954 pharetram.

222 3969 251 4028 N
254 3989 294 4028 on
307 3970 397 4028 seclis
411 3989 448 4028 nc
462 3971 566 4048 patriis
580 3990 653 4030 ecer
665 3971 821 4028 Romanus
834 3969 865 4026 in
880 3967 970 4027 armis
1151 3973 1211 4030 346

224 4061 341 4138 Injusto
356 4065 410 4122 sub
425 4063 509 4122 fasee
523 4064 601 4122 viam
616 4083 705 4141 quum
719 4063 826 4141 oerpit,
841 4071 871 4121 et
884 4062 963 4122 boeti

223 4155 306 4216 Ante
321 4165 526 4235 exspectatum
541 4157 643 4235 positis
658 4157 761 4215 stetin
776 4157 894 4235 agmine
908 4156 1028 4215 cestris.

261 4252 303 4309 At
317 4270 387 4322 non,
404 4247 466 4327 quii
481 4251 611 4328 Scytbire
625 4256 742 4328 gentes,
757 4249 940 4327 Maeotiaque
954 4250 1044 4323 unde,

223 4343 375 4403 Turbidus
389 4353 420 4403 et
433 4352 577 4422 torquens
590 4343 737 4404 flaventes
750 4343 828 4403 Ister
842 4363 961 4417 amnes,
1151 4345 1212 4404 360
