3167 5234
336 574 392 635 182
621 569 648 616 P.
666 566 833 616 vlnerum
854 530 1028 619 maltoms

333 708 375 767 Et
389 728 495 787 genus,
512 715 542 767 et
555 726 724 767 mansuram
740 710 865 767 urbem:
887 728 976 767 serva
989 709 1086 767 altera
1102 708 1204 787 'I'rojm

335 800 496 880 Pergama,
513 802 656 878 reliquias
669 799 810 859 Danaiim
825 812 915 878 atque
930 802 1048 861 immitis
1062 801 1184 862 Achilli.

337 894 437 962 Quem
450 895 603 973 sequimur
617 895 627 951 i
650 894 746 973 qudve
761 897 805 953 ire
822 896 912 972 jubes
926 896 937 952 i
958 894 1009 953 ubi
1023 914 1134 973 ponere
1148 895 1262 955 sedes?

337 989 397 1061 Da,
413 998 509 1067 pater,
526 990 693 1067 augurium,
710 998 801 1065 atque
816 990 922 1047 animis
935 989 1058 1047 illabere
1073 990 1191 1047 nostris.

287 1116 293 1129 ·
377 1081 437 1141 Vix
451 1102 488 1141 ea
501 1082 579 1141 latus
592 1102 675 1141 eram
689 1102 697 1153 ;
720 1091 850 1141 tremere
864 1084 962 1141 omnia
974 1083 1039 1140 visa
1052 1082 1188 1160 repenti,
1286 1086 1326 1141 90

337 1176 527 1255 Limiuaque,
542 1178 704 1255 laurusque
720 1177 778 1248 dci,
794 1187 934 1253 totusque
949 1176 1061 1234 moveri

337 1272 427 1332 Mons
441 1274 564 1347 circium,
581 1282 611 1333 et
624 1276 739 1355 mugire
754 1274 851 1349 adytis
865 1274 980 1332 cortina
994 1273 1130 1332 reclusis.

340 1368 485 1425 Submissi
499 1368 624 1445 petimus
638 1376 759 1439 terrum,
776 1376 806 1425 et
821 1386 878 1426 vox
890 1367 984 1426 fertur
998 1366 1035 1424 ud
1050 1385 1160 1425 aures:

338 1458 523 1519 Dardanidas
538 1462 614 1532 duri,
630 1481 696 1538 quae
711 1480 765 1519 vos
779 1480 797 1519 a
811 1461 902 1538 stirpe
917 1459 1073 1540 parentiam

338 1552 441 1613 Prima
455 1555 521 1614 tulit
534 1556 633 1626 tellus,
650 1554 756 1613 eadem
770 1574 824 1613 vos
837 1557 931 1613 ubere
944 1555 1014 1613 laeto
1290 1554 1328 1613 95
1371 1577 1375 1584 ⁴

340 1648 478 1727 Accipiet
492 1649 629 1707 reduces.
672 1650 834 1725 Antiquam
849 1649 995 1724 exquirite
1009 1656 1143 1707 matrem.

341 1742 405 1801 Hic
419 1742 524 1801 domus
537 1742 649 1801 AEneae
663 1744 780 1801 cunctis
795 1742 993 1800 dominabitur
1006 1743 1076 1814 oris,

340 1835 382 1897 Et
397 1836 459 1894 nati
472 1848 620 1908 natorum,
636 1844 664 1893 et
679 1836 729 1911 qui
743 1844 907 1893 nascentur
919 1836 957 1892 ab
971 1835 1039 1894 iliis.

242 1986 252 2003 ,
341 1928 422 1989 Huc
435 1928 570 1987 Phoebus
583 1948 591 1986 ε
612 1930 763 2005 mixtoque
778 1928 885 2005 ingens
898 1937 1002 1986 exorta
1015 1929 1141 1986 tumultu

341 2020 484 2092 Laetitiu;
509 2030 538 2081 et
552 2023 663 2094 cuncti,
681 2040 747 2099 quae
762 2022 820 2079 sint
834 2040 873 2079 ea
885 2022 1005 2093 moenia,
1022 2030 1158 2098 qumruut
1172 2040 1180 2091 ;

343 2114 414 2183 Qud
428 2114 562 2175 Phoebus
576 2124 662 2175 vocet
676 2124 823 2186 errantes,
834 2116 998 2192 jubeatque
1013 2116 1132 2174 reverti.

342 2210 422 2270 Tum
435 2211 562 2289 genitor,
578 2217 714 2268 veterum
726 2210 849 2268 volvens
866 2216 1056 2267 monumenta
1070 2208 1210 2280 virorum,

342 2304 464 2374 Audite,
481 2292 499 2362 o
513 2322 664 2382 proceres,
681 2304 733 2375 ait,
749 2310 779 2360 et
793 2322 862 2380 spes
875 2304 980 2361 discite
995 2310 1120 2362 vestras.

344 2397 440 2458 Creta
451 2398 537 2457 Jovis
551 2397 651 2476 magni
665 2397 761 2456 medio
779 2398 861 2473 jacet
875 2396 972 2455 insuia
985 2404 1075 2474 ponto
1089 2414 1098 2465 ;

343 2490 433 2551 Mons
448 2491 546 2552 Idaeus
561 2492 621 2562 ubi,
638 2500 668 2549 et
681 2492 780 2571 gentis
795 2491 947 2550 cunabula
959 2497 1078 2548 nostrm.

345 2585 476 2645 Centum
490 2587 580 2643 urbes
594 2584 727 2643 habitant
741 2604 878 2663 magnas,
896 2584 1045 2641 uberrima
1059 2600 1174 2661 regna:

344 2677 496 2737 Maximus
512 2678 590 2736 uude
605 2686 699 2756 pater,
717 2679 742 2735 si
757 2678 812 2735 rite
827 2676 928 2735 audita
942 2676 1095 2748 recordor,

345 2772 484 2831 Teucrus
499 2771 645 2829 Rhoeteas
661 2770 785 2847 primum
798 2778 843 2829 est
857 2771 1001 2828 advectus
1015 2769 1053 2827 ad
1067 2788 1146 2839 oras,

346 2866 528 2943 Optavitque
542 2866 640 2923 locum
653 2883 757 2942 regno.
800 2866 941 2925 Nondum
954 2866 1042 2924 Ilium
1056 2876 1086 2923 et
1100 2884 1187 2924 arces

346 2959 523 3037 Pergamum
537 2966 681 3016 steterant
697 2976 705 3027 3
729 2959 903 3017 habitabant
917 2959 1044 3017 vallibus
1058 2958 1133 3018 imis.
1279 2959 1336 3017 110

346 3050 430 3110 Hinc
445 3059 540 3109 mater
553 3052 660 3110 cultrix
674 3051 1072 3129 Cybelae,.Corybuntiaque
1087 3071 1158 3123 aera,

347 3144 520 3221 Idaeumque
534 3162 639 3202 nemus
653 3164 660 3213 ;
685 3146 754 3203 hinc
767 3146 827 3203 fida
840 3146 960 3204 silentia
972 3147 1076 3217 sacris,

347 3239 389 3299 Et
405 3238 501 3315 juncti
516 3258 636 3297 currum
650 3239 775 3299 domina
789 3237 909 3299 subiere
923 3240 1035 3298 leones.

347 3333 432 3413 Ergo
447 3331 536 3411 agite,
553 3340 582 3389 et
597 3330 695 3391 divium
709 3333 820 3391 ducunt
835 3332 896 3410 qud
911 3333 997 3409 jussa
1010 3350 1180 3409 sequamur.
1208 3329 1213 3335 ’

347 3426 508 3487 Placemus
522 3434 637 3498 ventos,
654 3434 683 3485 et
697 3427 812 3485 Gnosia
825 3446 921 3505 regna
935 3436 1078 3503 petamus.

348 3520 378 3579 N
380 3538 415 3578 ec
429 3519 519 3597 longo
533 3518 642 3578 distant
656 3540 746 3578 cursu
761 3538 768 3590 ;
791 3520 879 3578 modd
892 3520 1012 3597 Jupiter
1025 3520 1111 3591 adsit,

349 3612 454 3673 Tertia
468 3614 518 3671 lux
533 3616 659 3673 classem
674 3613 803 3672 Creteis
817 3614 901 3673 sistet
916 3614 946 3672 in
959 3615 1029 3673 oris.

349 3708 400 3767 Sic
414 3708 504 3781 latus,
520 3710 641 3768 meritos
655 3708 715 3767 aris
729 3708 871 3765 mactavit
884 3708 1022 3779 honores,

349 3802 483 3863 Taurum
498 3804 648 3881 Neptuno,
664 3810 783 3860 taurum
802 3800 866 3872 tibi,
882 3801 1007 3879 pulcher
1020 3800 1137 3878 Apollo,

349 3896 476 3975 Nigrum
490 3896 592 3955 Hiemi
606 3896 761 3973 pecudem,
778 3894 927 3973 Zephyris
941 3894 1076 3953 felicibus
1090 3894 1197 3953 albam.

390 3991 487 4048 Fama
501 3992 591 4062 volat,
608 3991 722 4067 pulsum
737 3990 840 4068 reguis
854 3989 981 4047 cessisse
997 3988 1128 4065 paternis

350 4084 513 4143 Idomenea
527 4083 641 4155 ducem,
657 4085 838 4160 desertaque
852 4084 952 4141 littora
965 4082 1067 4141 Cretae
1081 4100 1089 4150 ς

350 4176 449 4237 Hoste
463 4196 573 4235 vacare
588 4178 699 4250 domes,
714 4177 863 4253 sedesque
877 4176 996 4235 adstare
1011 4176 1140 4233 relictas.

350 4270 527 4347 Linquimus
542 4270 675 4347 Ortygiae
690 4280 802 4350 portus,
817 4272 985 4349 pelagoque
999 4269 1144 4340 volamus,

311 4382 318 4393 ·
350 4364 595 4439 Bacchatamque
613 4363 695 4442 jugis
708 4366 736 4423 N
739 4384 827 4439 uon,
843 4364 1027 4441 viridemque
1040 4361 1207 4436 Donusam,
