3167 5234
569 586 746 641 meinos
764 588 835 635 ΗΒ.
849 588 879 635 V.
1160 601 1214 659 185
1321 646 1331 661 ,

226 728 287 807 Ipsi
299 734 434 786 transtra
447 734 567 797 novant,
583 727 769 804 flammisque
784 730 906 787 ambesa
920 736 1067 807 reponunt

225 822 351 881 Robora
365 821 503 899 navigiis,
519 828 621 898 aptant
634 840 794 897 remosque
808 822 1011 900 rudentesqus
1024 843 1033 895 ς

224 916 338 993 Exigui
351 934 486 987 numero,
503 915 557 973 sed
570 916 649 973 beno
662 916 762 974 uivida
775 917 878 977 virtus.

224 1008 348 1068 Interea
361 1009 482 1067 AEneas
497 1011 601 1067 urbem
614 1009 751 1087 designat
765 1018 877 1084 aratro,

226 1103 414 1179 sortitusque
428 1102 542 1173 domos,
559 1103 615 1161 boe
630 1102 728 1174 ilium,
744 1111 774 1161 ct
788 1105 853 1162 hmo
868 1106 935 1164 loca
948 1104 1070 1183 Trojam

225 1195 304 1255 Esse
321 1195 417 1271 jubet.
458 1194 580 1255 Gaudet
595 1215 688 1275 regno
701 1198 852 1274 Trojanus
866 1200 1005 1273 Acestes,

226 1288 394 1366 Indicitque
408 1290 514 1361 sorum,
531 1298 561 1347 et
576 1292 710 1368 patribus
723 1292 774 1349 dat
789 1291 862 1367 jura
876 1294 999 1353 vocetis.

225 1382 305 1441 Tum
319 1384 418 1441 vicina
431 1383 521 1443 astris
535 1384 669 1461 Erycino
683 1387 713 1443 io
726 1387 839 1444 vertice
853 1386 942 1445 sedes
1017 1386 1022 1397 '

224 1476 384 1536 Fundetur
395 1477 509 1536 Veneri
523 1478 637 1551 Idaliis,
653 1480 826 1556 tumuloque
840 1480 983 1540 sacerdos

225 1570 273 1629 Ac
286 1572 374 1629 lucus
387 1571 446 1629 iate
459 1589 548 1631 sacer
561 1572 679 1631 additur
692 1572 854 1633 Anchiseo.

264 1664 394 1742 Jamque
408 1664 473 1725 dies
486 1666 607 1743 spoleta
620 1686 725 1737 novem
739 1686 816 1745 gens
829 1667 934 1740 omnis,
951 1676 980 1727 et
995 1668 1056 1727 aris

226 1756 340 1817 Factus
353 1760 465 1818 bonos:
488 1759 597 1837 piecidi
611 1768 780 1818 straverunt
794 1780 916 1837 aequora
930 1762 1020 1833 venti,

227 1850 346 1911 Creber
359 1862 389 1910 et
402 1852 559 1930 adspirans
572 1874 677 1912 rursus
691 1862 778 1911 vocat
792 1855 904 1913 Auster
918 1854 947 1912 in
963 1856 1063 1915 eitum.

223 1944 371 2006 Exoritur
386 1968 532 2026 procurva
545 1950 653 2027 iugens
667 1969 720 2027 per
733 1950 833 2009 littora
847 1951 934 2009 fletus
948 1970 956 2021 3
1155 1954 1213 2009 ¹165

226 2039 386 2120 Complexi
399 2043 476 2101 inter
489 2061 522 2101 se
536 2052 714 2119 noctemque
728 2044 865 2121 diemque
881 2053 1041 2103 morentur.

226 2133 304 2211 Ipsae
319 2136 385 2211 jam
397 2145 519 2209 matres,
535 2136 601 2214 ipsi,
619 2138 726 2213 quibus
740 2157 848 2214 aspera
862 2138 1010 2214 quondum

225 2228 302 2287 Visa
314 2232 406 2289 maris
419 2231 524 2302 facies,
540 2238 569 2289 et
583 2250 642 2289 oon
655 2230 810 2289 tolerabile
825 2251 942 2303 nomen,

225 2322 276 2382 Ire
289 2325 402 2397 volunt,
419 2344 595 2402 omnemque
610 2326 689 2403 fugae
705 2326 837 2402 perferre
852 2327 993 2385 laborem,

226 2416 313 2485 Quos
326 2421 423 2477 bonus
436 2418 556 2477 AEuees
570 2418 658 2477 dictis
671 2420 785 2476 solatur
802 2418 915 2490 amicis,

225 2511 266 2570 Et
279 2513 504 2590 consanguineo
518 2513 687 2589 lacrymans
701 2512 887 2570 commendat
902 2514 1032 2572 Acestae.

225 2604 304 2663 Tres
317 2605 413 2682 Eryci
426 2606 544 2678 vituios,
561 2614 591 2664 et
604 2606 848 2683 Tempestatibus
863 2625 982 2684 agnam,

228 2698 356 2759 Cmdere
370 2699 477 2757 deinde
494 2701 590 2776 jubet,
606 2700 741 2777 solvique
757 2719 794 2758 ex
809 2700 911 2757 ordine
927 2699 1036 2760 funem.

226 2791 307 2870 Ipse,
322 2801 413 2872 caput
426 2802 520 2857 tonsre
535 2794 612 2853 sotiis
626 2795 762 2853 evinctus
776 2794 873 2866 olivae,

227 2888 316 2947 Stans
329 2890 433 2967 procul
447 2889 477 2947 in
492 2889 591 2969 prorui,
606 2897 739 2967 peterem
754 2898 846 2961 tenet,
864 2898 992 2966 extaque
1005 2888 1101 2948 salsos

226 2980 354 3040 Porricit
368 2983 398 3040 in
412 2984 531 3053 fluctus,
547 3004 583 3041 ac
599 2983 668 3041 vina
682 2984 825 3061 liquentis
839 2983 943 3042 fundit.

226 3072 423 3151 Prosequitur
435 3096 564 3155 surgens
579 3096 597 3133 a
610 3078 700 3156 puppi
714 3088 820 3135 ventus
834 3088 940 3136 euntes
954 3096 961 3135 τ

227 3166 373 3227 Certatim
387 3170 461 3228 socii
474 3170 584 3230 feriunt
598 3190 691 3242 marc,
708 3180 736 3228 et
752 3190 874 3247 aequore
888 3181 1019 3231 verrunt.

264 3263 306 3320 At
318 3262 426 3321 Venus
439 3263 554 3321 interea
569 3264 752 3341 Neptunum,
767 3266 901 3322 exercita
915 3265 1006 3337 curis,

225 3358 559 3439 Alloquituntalesqoe
574 3360 697 3420 effundit
717 3370 837 3437 pectore
853 3370 996 3436 questus:

226 3451 354 3510 Junonis
367 3453 468 3531 gravis
481 3453 536 3525 irs,
553 3474 610 3512 nec
624 3456 825 3512 exsaturabile
840 3463 955 3532 pectus,

228 3542 351 3622 Cogunt
364 3566 423 3618 me,
439 3546 590 3625 Neptune,
607 3568 713 3626 preces
728 3548 912 3606 descendere
927 3548 956 3606 in
970 3566 1093 3607 omnes:

228 3636 329 3705 Quem
343 3658 399 3697 nec
414 3640 503 3718 longe
517 3641 591 3713 dies,
608 3642 703 3719 pictas
717 3662 773 3700 nec
788 3644 903 3720 mitiget
918 3644 1000 3711 ullu;

224 3730 295 3789 Nec
308 3731 394 3790 Jovis
407 3734 531 3811 imperio
546 3735 650 3793 futisve
665 3736 792 3794 infracto
808 3737 943 3812 quiescit.

225 3824 296 3883 Non
309 3826 410 3885 medid
422 3826 458 3885 de
473 3838 563 3905 gente
576 3830 731 3907 Phrygum
745 3830 882 3886 exedisse
897 3827 1031 3887 nefandis

225 3916 340 3977 Urbem
353 3920 429 3979 odiis
442 3922 515 3980 satis
530 3932 586 3995 est,
603 3943 659 3981 nec
675 3942 793 4001 poenam
804 3932 889 3979 traxe
905 3940 1089 3999 peromnem

226 4011 405 4089 Reliquias;
427 4014 527 4092 Trojae
542 4016 660 4074 cineres
674 4025 764 4091 etque
779 4034 849 4073 osse
870 4024 1028 4094 peremptae

226 4102 407 4181 Insequitur.
451 4106 571 4167 Causas
585 4111 657 4168 tenti
673 4110 750 4167 sciat
763 4110 815 4167 illa
830 4110 947 4170 suroris.

225 4196 295 4284 Ipse
310 4201 381 4257 mibi
395 4222 490 4279 nuper
503 4204 628 4280 Libycis
641 4212 672 4261 tu
687 4206 772 4262 testis
786 4205 816 4261 in
832 4202 917 4262 undis

225 4285 325 4363 Quam
340 4296 447 4353 molem
461 4296 558 4355 subitb
571 4297 695 4356 excierit
709 4318 715 4355 :
739 4298 834 4357 merie
848 4298 946 4357 omnia
959 4300 1037 4359 coelo

224 4382 360 4459 Miscuit,
374 4388 489 4449 AEoliis
503 4392 704 4470 nequidquam
718 4392 795 4452 freta
809 4394 959 4472 procellis,

507 4490 567 4543 16*
915 4504 939 4546 1
