3167 5234
388 552 450 613 m
626 599 630 605 .
677 546 705 594 Ρ.
725 544 893 593 vinorum
915 542 1088 593 uisurus

388 687 564 765 Oppositum
578 686 729 757 interimit,
744 706 853 765 pugnae
867 683 1037 761 nodumque
1051 700 1236 759 moramque.

390 782 539 840 Sternitur
552 779 692 839 Arcadian
706 780 806 856 proles
822 800 830 850 ;
854 787 1028 838 sternuntur
1039 776 1164 835 Musei
1177 796 1186 845 ;

387 874 507 947 Etrus,
523 895 542 933 o
554 874 657 933 Graiis
670 872 826 951 imperdita
843 892 980 951 corpora,
997 870 1120 930 Teucri.

388 969 520 1047 Agmina
534 976 716 1027 concurrunt
729 966 916 1043 ducibusque
931 974 961 1023 et
975 964 1088 1023 uiribus
1103 964 1218 1041 aequis:

387 1062 524 1121 Extremi
538 1061 702 1120 addensent
715 1060 799 1119 acies
813 1080 821 1129 ;
845 1078 902 1118 neo
915 1061 1004 1117 turba
1017 1057 1130 1116 moveri

388 1155 467 1214 Tela
480 1174 646 1231 manusque
660 1154 739 1212 sinit.
779 1154 863 1212 Hinc
877 1153 978 1212 Pallas
993 1152 1081 1209 instat
1096 1160 1126 1209 et
1141 1159 1238 1229 urget,

388 1247 473 1309 Hinc
486 1246 593 1307 contri
605 1248 737 1318 Lausus,
752 1266 811 1305 nec
825 1247 947 1306 multum
961 1246 1111 1322 discrepat
1126 1253 1209 1317 retas,

386 1340 516 1421 Egregii
529 1342 632 1401 forrum
649 1361 657 1410 ;
681 1342 736 1400 sed
750 1342 837 1417 queis
850 1341 968 1399 fortuna
982 1337 1110 1417 regirat

388 1435 423 1494 In
438 1437 564 1514 patriam
577 1436 700 1494 reditus.
743 1435 830 1513 ipsos
844 1452 1025 1493 concurrere
1040 1453 1146 1510 passus

386 1529 481 1589 Haud
495 1538 595 1587 tamen
608 1530 687 1588 iuter
699 1548 733 1587 se
747 1529 850 1607 magui
864 1536 1007 1605 regnator
1020 1528 1140 1607 Olympi
1152 1548 1162 1599 3

386 1622 459 1681 Mox
474 1624 541 1683 illos
555 1642 612 1681 sua
624 1622 687 1681 sata
700 1631 821 1681 manent
835 1621 949 1699 majore
963 1623 1018 1679 sub
1033 1622 1128 1681 hoste.

426 1716 548 1775 Interea
560 1736 647 1775 soror
660 1718 738 1775 alma
751 1726 851 1775 monet
865 1734 1044 1775 succurrere
1058 1714 1160 1773 Lauso

385 1808 532 1883 Turnum,
551 1810 602 1887 qui
615 1810 730 1869 volucri
743 1830 835 1868 curru
849 1808 978 1868 medium
992 1818 1076 1867 secat
1089 1828 1208 1887 agmen.

385 1902 426 1961 Ut
441 1903 512 1961 vidit
526 1904 625 1962 socios
640 1922 647 1961 :
669 1904 803 1980 Tempus
817 1903 963 1961 desistere
977 1922 1084 1980 pugnae
1098 1922 1107 1972 ;

386 1997 475 2055 Solus
488 2016 546 2075 ego
560 1997 590 2055 in
604 1996 743 2055 Pallanta
757 1996 860 2066 seror3
884 1996 939 2055 soli
954 1996 1024 2053 mibi
1037 1995 1139 2055 Pallas

386 2088 525 2149 Debetur
538 2110 547 2161 ;
571 2109 712 2168 cuperem
725 2090 790 2168 ipse
806 2108 913 2167 parens
928 2097 1079 2167 spectator
1092 2091 1221 2152 adesset.

385 2182 467 2243 Haec
480 2184 521 2241 ait
536 2203 544 2254 ;
568 2190 598 2241 et
611 2184 686 2242 socii
699 2197 857 2242 cesserunt
872 2202 992 2260 aequore
1002 2184 1097 2261 jusso.

385 2279 437 2350 At,
453 2280 599 2339 Rutulum
613 2282 769 2351 abscessu,
782 2280 902 2356 juvenis
916 2289 988 2351 tum,
1000 2281 1087 2357 jussa
1101 2282 1232 2359 superba

385 2372 525 2447 Miratus,
541 2383 640 2452 stupet
654 2374 683 2431 in
697 2373 813 2445 Turno,
829 2392 999 2451 corpusque
1014 2376 1187 2453 peringens

384 2464 515 2534 Lumine
529 2468 629 2539 volvit,
646 2468 768 2543 obitque
780 2466 859 2525 truci
874 2469 978 2543 procul
992 2470 1090 2529 omnia
1105 2469 1170 2528 visu
1183 2488 1191 2539 3

384 2559 510 2619 Talibus
524 2570 554 2619 et
567 2561 655 2619 dictis
670 2562 691 2619 it
704 2569 811 2619 contra
825 2559 905 2619 dicta
918 2562 1036 2637 tyranni
1049 2582 1056 2620 ε

383 2654 445 2711 Aut
459 2655 561 2731 spoliis
574 2674 632 2731 ego
642 2654 706 2730 jam
718 2654 813 2730 raptis
827 2653 973 2713 laudabor
986 2656 1102 2733 opimis,

383 2746 445 2805 Aut
458 2748 518 2805 leto
532 2747 663 2825 insigni:
684 2747 757 2805 sorti
771 2757 857 2825 pater
871 2767 975 2824 aequus
990 2750 1107 2827 utrique
1125 2760 1179 2811 est.

382 2838 469 2897 Tolle
484 2840 589 2899 minas.
631 2840 727 2898 Fatus
739 2841 870 2899 medium
885 2842 1017 2919 procedit
1032 2844 1061 2901 in
1076 2864 1187 2922 aequor.

382 2932 524 3012 Frigidus
537 2934 707 2993 Arcadibus
720 2934 781 2992 coit
795 2934 825 2993 iu
840 2935 1004 3013 praecordia
1018 2940 1151 3016 sanguis.

421 3026 552 3087 Desiluit
565 3027 687 3087 Turnus
701 3030 811 3107 bijugis
827 3050 835 3100 ;
859 3032 951 3109 pedes
965 3045 1089 3111 apparat
1103 3034 1147 3093 irs

382 3115 569 3181 ComminusJ
611 3122 711 3199 thue
725 3125 783 3195 leo,
800 3125 925 3202 specul-i
939 3146 1030 3203 quum
1044 3128 1115 3187 vidit
1129 3130 1167 3187 ab
1182 3126 1245 3189 altis

382 3216 467 3274 Stare
483 3216 585 3293 procul
601 3218 714 3295 campis
727 3218 917 3279 meditantem
931 3220 960 3279 in
976 3222 1082 3299 proelia
1101 3232 1230 3295 taurum,

380 3307 508 3367 Advolat
525 3329 532 3366 τ
555 3310 634 3368 baud
649 3311 706 3368 alia
721 3320 767 3370 est
780 3312 877 3371 Turni
892 3315 1038 3373 venientis
1053 3316 1162 3395 imago.

380 3400 474 3461 Hunc
488 3404 538 3461 ubi
553 3406 726 3483 contiguum
740 3406 838 3465 ruissoe
853 3406 916 3465 sore
931 3408 1056 3467 credidit
1070 3410 1175 3484 hastas,

380 3494 429 3554 Ire
444 3496 523 3574 prior
536 3497 649 3569 Pallas,
665 3500 691 3557 si
706 3498 766 3577 qui
779 3501 841 3559 sors
855 3501 975 3577 adjuvet
990 3522 1095 3561 ausum

379 3586 503 3648 Viribus
517 3591 679 3668 imparibus
692 3612 700 3663 ;
724 3612 926 3672 magnumque
941 3596 983 3654 ita
996 3596 1034 3654 ad
1048 3598 1162 3656 aetbera
1175 3598 1274 3658 fetura

378 3681 439 3743 Per
452 3684 544 3761 patris
557 3686 727 3762 hospitium,
743 3696 773 3745 et
787 3706 917 3760 mensas,
936 3708 1011 3765 quas
1025 3691 1141 3750 advena
1155 3690 1254 3765 adisti,
1310 3696 1367 3753 tao

378 3776 425 3835 Te
440 3797 556 3855 precor,
572 3778 689 3851 Alcide,
707 3782 814 3859 emptis
829 3782 999 3859 ingentibus
1014 3784 1093 3842 adsis
1108 3805 1116 3854 ;

379 3869 493 3929 Cernat
507 3872 651 3931 semineci
664 3873 721 3931 sibi
734 3894 782 3933 me
796 3894 904 3952 rapere
920 3864 1002 3935 ar'ma
1016 3888 1152 3954 cruenta,

378 3961 592 4041 victoremque
606 3966 704 4024 serant
719 3968 875 4027 morientia
887 3970 999 4029 luminu
1014 3969 1118 4032 Turni.

377 4056 480 4113 Audiit
494 4056 619 4116 Alcides
628 4059 780 4135 juvenem,
797 4082 996 4141 magnumque
1011 4068 1066 4124 sub
1081 4066 1139 4127 imo

379 4146 480 4207 Corde
495 4152 600 4226 premit
614 4154 767 4230 gemitum,
784 4156 994 4235 lacrymasque
1008 4160 1111 4220 offudit
1124 4162 1239 4223 inanes.
1308 4166 1365 4225 tae

377 4240 458 4299 Tum
470 4240 597 4302 Genitor
610 4254 714 4305 natum
727 4248 816 4307 dictis
830 4250 940 4309 affatur
953 4252 1057 4312 amicis
1070 4274 1077 4311 ε

378 4336 443 4395 Stat
456 4355 513 4395 sua
526 4338 635 4415 cuique
650 4340 714 4399 dies
731 4360 740 4411 ;
767 4343 860 4403 breve
874 4354 904 4403 ct
918 4346 1114 4426 irreparabile
1131 4361 1249 4433 tempus
