3167 5234
355 561 415 619 224
642 553 668 600 Ρ.
688 553 855 602 vincturi
876 551 1048 600 tinitonis
1089 587 1096 600 .

355 693 462 754 Ardua
475 699 555 752 tecta
570 693 641 770 petit
655 693 775 764 stabuli,
791 701 822 750 et
835 692 873 750 de
886 692 1018 752 culmine
1029 709 1144 752 summo

354 787 511 846 Pastorale
526 785 604 844 canit
618 785 746 864 signum,
761 803 917 860 cornuque
930 803 1057 843 recurvo

354 881 534 939 Tartareum
548 879 671 938 intendit
685 897 789 936 vocem
803 897 812 946 ;
836 876 898 950 qui
911 885 1052 954 protenus
1066 895 1152 936 omne

356 973 543 1034 Contremuit
557 991 672 1044 nemus,
686 981 715 1030 et
729 972 812 1030 silva
826 968 982 1030 intonuire
996 971 1159 1047 profunda.

353 1067 456 1126 Audiit
470 1077 500 1125 et
513 1067 625 1126 Triviae
640 1065 728 1142 louge
742 1065 828 1123 lacus
841 1083 850 1133 ;
873 1064 966 1122 audiit
980 1064 1076 1122 amnis

355 1159 495 1219 Sulsuresi
508 1161 537 1218 N
539 1178 575 1218 ar
588 1160 673 1218 albus
688 1156 778 1234 equi,
795 1157 952 1234 sontesque
967 1156 1066 1215 Velini
1078 1175 1087 1226 ;

354 1253 394 1313 Et
408 1253 531 1331 trepide
546 1262 656 1310 matres
670 1249 808 1328 premiere
822 1249 859 1306 ad
874 1258 997 1326 pectora
1010 1257 1106 1310 natos.

353 1346 432 1404 Tum
447 1345 519 1404 verd
534 1345 572 1403 ad
586 1363 690 1404 vocem
705 1343 831 1414 celares,
849 1342 909 1419 qud
923 1343 1051 1400 buccina
1064 1344 1182 1422 siguum

353 1438 431 1498 Dira
445 1439 534 1511 dedit,
551 1439 643 1516 raptis
657 1445 839 1496 concurrunt
853 1436 983 1512 undique
996 1437 1064 1494 telis
1130 1446 1135 1460 ‘

355 1533 493 1591 indomiti
507 1532 647 1610 agricolae
662 1551 670 1600 ;
693 1549 749 1588 neo
763 1549 823 1588 non
836 1538 866 1587 ct
879 1530 974 1588 Troia
988 1531 1082 1606 pubes

353 1626 486 1684 Ascanio
502 1625 643 1684 auxilium
656 1625 762 1682 castris
776 1623 899 1682 effundit
914 1624 1033 1700 apertis.

354 1717 503 1778 Dircxdre
517 1719 619 1776 ecies:
642 1737 700 1776 non
717 1717 780 1793 jam
794 1716 957 1774 certamine
972 1716 1094 1794 agresti,

356 1812 509 1889 Stipitibus
523 1811 605 1869 duris
619 1811 729 1888 agitur,
745 1809 906 1868 sudibusve
921 1810 1079 1886 praeustis3

356 1905 415 1963 Sed
430 1906 509 1963 ferro
523 1904 645 1980 ancipiti
657 1903 833 1974 decernunt,
849 1911 974 1979 atraque
988 1903 1049 1960 laet

355 1997 514 2057 Horrescit
528 1998 639 2056 strictis
653 2017 741 2075 seges
755 1998 888 2068 ensibus,
903 2015 1025 2072 araque
1039 1996 1155 2075 fulgent

356 2091 424 2149 Sole
439 2091 591 2161 lacessita,
607 2099 636 2147 et
649 2091 747 2148 lucem
761 2092 817 2148 sub
831 2090 934 2147 nubila
950 2089 1066 2165 jactant
1080 2108 1087 2146 :

354 2183 480 2243 Fluctus
495 2185 536 2243 uti
551 2185 643 2262 primo
657 2183 747 2260 coepit
762 2202 852 2260 quum
871 2183 1025 2242 albescere
1040 2189 1138 2255 vento,

353 2277 501 2336 Paulatim
516 2297 584 2336 sese
598 2279 672 2336 tollit
687 2297 780 2348 mare,
796 2286 826 2334 et
840 2278 929 2336 altius
942 2277 1038 2336 undas

353 2370 463 2449 Erigit,
480 2371 547 2430 iude
562 2371 620 2430 imo
634 2369 786 2448 consurgit
802 2370 841 2428 ad
854 2371 966 2428 aethera
981 2370 1081 2430 fundo.

354 2463 418 2524 Hic
434 2465 554 2541 juvenis
568 2466 690 2542 primam
705 2471 774 2522 ante
789 2464 895 2534 aciem,
911 2464 1054 2522 stridente
1068 2463 1189 2542 sagitti,

354 2557 501 2617 Natorum
514 2559 644 2636 Tyrrhei
657 2559 754 2616 fueret
770 2558 820 2634 qui
833 2558 988 2629 mersimus,
1003 2559 1092 2616 Almo

356 2651 523 2709 Sternitur:
546 2651 631 2710 haesit
645 2652 724 2708 enim
738 2654 793 2709 sub
807 2659 928 2728 gutture
943 2653 1060 2723 vulnus,
1076 2660 1106 2710 et
1118 2651 1185 2712 udas

354 2741 447 2802 Vocis
461 2744 518 2800 iter
530 2752 709 2819 tenuemque
724 2745 844 2802 inclusit
858 2745 1003 2822 sanguine
1019 2746 1119 2804 vitam.

355 2835 493 2913 Corpora
507 2835 599 2894 multa
612 2833 704 2894 einim
719 2836 823 2906 circd3
846 2838 1006 2914 seniorque
1019 2837 1169 2910 Geloesus,

353 2928 435 2987 Dum
449 2929 515 3006 paci
529 2929 656 2986 medium
670 2947 703 2986 se
718 2929 815 3000 offert,
827 2931 1010 3005 justissimus
1024 2951 1102 2990 unus

355 3021 416 3090 Qui
430 3021 493 3092 suit,
510 3021 710 3096 Ausoniisque
725 3021 795 3080 olim
808 3023 969 3082 ditissimus
982 3025 1083 3082 arvis:

355 3113 495 3190 Quinque
510 3133 620 3192 greges
634 3114 677 3170 illi
690 3113 852 3186 belanttim,
868 3116 958 3190 quina
973 3118 1110 3178 redibant

353 3209 507 3280 Armenta,
524 3215 553 3265 et
566 3217 675 3266 terram
690 3217 811 3266 centum
823 3211 958 3269 vertebat
972 3212 1090 3272 aratris.

391 3303 502 3378 Atque,
519 3320 556 3359 ea
571 3319 623 3378 per
636 3320 756 3377 campos
772 3321 858 3377 aequo
871 3302 940 3360 dum
953 3303 1053 3362 Marte
1066 3312 1223 3383 geruntur,

352 3395 495 3467 Promisti
509 3395 567 3453 dea
579 3393 660 3452 fecta
674 3403 787 3471 potens,
804 3395 855 3452 ubi
868 3397 1015 3473 sanguina
1030 3399 1139 3456 bellum

354 3487 472 3559 Imbuit‚
489 3499 518 3547 et
533 3489 633 3564 primm
648 3487 793 3546 commisit
808 3488 913 3547 funera
927 3509 1045 3568 pugne,

351 3582 474 3642 Deserit
488 3582 679 3659 Hesperiam,
696 3589 736 3653 et,
753 3582 823 3642 coeli
836 3603 980 3655 convexa,
997 3603 1050 3661 per
1062 3590 1164 3658 suras,

350 3677 372 3736 J
374 3695 499 3735 unonem
514 3675 619 3734 uictrix
633 3673 742 3733 affatur
755 3695 829 3734 voco
843 3675 994 3754 superbia:

350 3769 410 3841 En,
427 3770 560 3848 perlecta
573 3769 625 3828 tibi
640 3769 718 3826 bello
732 3768 882 3826 discordia
895 3771 972 3828 tristi
988 3789 996 3840 ;

350 3862 421 3934 Dic,
438 3864 467 3920 in
482 3863 641 3922 amicitiam
655 3865 772 3934 cudant,
788 3872 818 3921 et
832 3863 947 3922 soedera
963 3864 1114 3943 jungsut3

351 3954 598 4032 Quandoquidem
612 3957 746 4016 Ausonio
760 3957 890 4034 respersi
903 3957 1048 4034 sanguine
1067 3957 1213 4018 Teucros.

350 4047 421 4106 Hoc
436 4050 524 4108 etiam
538 4051 583 4108 his
598 4050 714 4122 addam,
730 4059 783 4110 tua
797 4052 822 4110 si
836 4051 907 4109 milri
920 4061 1005 4110 certa
1019 4052 1177 4121 voluutas3

349 4141 503 4201 Finitimas
518 4143 547 4201 in
562 4144 639 4202 bella
653 4145 746 4202 feram
760 4146 928 4204 rumoribus
942 4148 1041 4216 urbes,

350 4233 582 4314 Accendarnque
597 4239 710 4296 animos
724 4239 819 4297 insani
833 4239 942 4298 Martis
956 4257 1068 4309 eruore,
1272 4240 1331 4298 560

349 4327 487 4406 Undique
502 4337 532 4388 ut
547 4331 656 4389 auxilio
670 4332 790 4390 veniant
805 4351 814 4401 ;
837 4344 978 4412 spurgam
991 4351 1075 4392 arma
1087 4351 1142 4410 per
1154 4351 1255 4412 agros.
