3167 5234
348 559 388 618 30
627 552 654 600 Ρ.
678 552 846 602 vrne1n11
869 551 1043 602 menonis

350 691 510 770 Incipiunt,
525 691 665 769 mollique
675 691 783 772 jugum
796 690 951 750 demittere
970 691 1059 764 clivo,

349 787 453 866 Usque
467 787 506 846 ed
519 805 628 864 equam
642 794 672 845 et
686 795 816 858 veteres,
828 786 892 862 jem
905 785 1003 844 frecte
1015 784 1183 860 cacumine,
1198 785 1295 868 fugos,

348 882 458 942 Omnie
470 881 651 940 carminibus
665 887 799 940 vestrum
811 877 951 938 servisse
963 877 1137 941 Meneicen.
1300 882 1337 941 10

348 1161 522 1234 Audieres3
545 1169 576 1220 et
590 1161 668 1221 ferne
681 1160 735 1220 tirit
750 1179 758 1217 ε
780 1159 835 1218 sed
850 1158 984 1218 carmine
996 1159 1111 1218 tentinn

348 1255 379 1316 N
381 1265 461 1316 estre
474 1256 585 1326 velent,
600 1253 726 1332 Lycida,
742 1252 804 1312 tele
817 1252 895 1312 inter
906 1250 1029 1322 Mertie,
1046 1251 1188 1328 quantum
1281 1294 1284 1299 >

350 1348 503 1409 Chaonias
518 1347 630 1420 dicunt,
647 1345 750 1424 aquili
763 1345 912 1418 veniente,
927 1345 1090 1404 columbus.

350 1441 440 1510 Quod
454 1442 572 1502 nisime
588 1439 776 1519 quicumque
791 1457 885 1497 noves
899 1437 1031 1498 incidere
1044 1439 1112 1498 lites

348 1534 429 1595 Ante
443 1535 564 1594 sinistre
576 1533 655 1606 cesi
668 1531 831 1591 monuisset
845 1533 883 1590 eb
896 1531 966 1590 iiico
979 1531 1093 1603 cornix,
1301 1533 1337 1592 15

349 1627 417 1688 Nec
431 1637 500 1689 tuus
514 1627 563 1688 hic
575 1626 694 1700 Moeris,
710 1644 767 1686 nec
781 1625 896 1684 viveret
909 1624 973 1702 ipse
986 1623 1153 1686 Meneices.

772 1799 913 1842 muclone.

349 1907 423 1967 Heu
436 1909 444 1966 t
467 1905 547 1966 cedit
560 1907 591 1966 in
605 1924 783 1984 quemquem
796 1912 912 1964 tentum
924 1904 1024 1964 scelus
1037 1904 1049 1960 i
1069 1904 1130 1963 heu
1142 1907 1150 1964 !
1170 1913 1225 1965 tue
1236 1905 1323 1966 nobis

348 2000 441 2060 Pseud
456 2001 543 2060 simul
556 2008 657 2059 tecum
670 2000 776 2058 soletie
795 2006 891 2076 rapte,
907 1998 1072 2057 Menelcet

351 2096 428 2164 Quis
442 2104 565 2156 caneret
579 2096 736 2174 Nymphes
751 2095 761 2152 ?
784 2096 851 2172 quis
864 2094 985 2154 humum
998 2093 1172 2157 florentibus
1185 2094 1287 2156 herbis

351 2190 523 2269 spargeret,
539 2197 590 2248 eut
603 2187 690 2248 viridi
704 2188 800 2248 fontes
814 2187 970 2248 induceret
986 2186 1092 2247 umbri
1106 2187 1117 2245 ἓ
1297 2189 1340 2248 20

349 2281 409 2340 Vel
424 2302 489 2360 quae
503 2282 621 2361 sublegi
634 2281 744 2341 tecitus
756 2281 811 2341 tibi
825 2281 961 2340 carmine
972 2299 1078 2358 nuper,

351 2374 453 2444 Quum
465 2383 496 2434 te
511 2374 548 2433 ed
562 2373 685 2434 delicies
699 2374 805 2447 ferres,
821 2373 1017 2451 Ameryllide,
1032 2373 1176 2434 nostres?

354 2473 374 2501 “
383 2469 499 2546 Tityre,
515 2468 585 2528 dum
598 2468 700 2539 redeo,
714 2468 815 2527 brevis
828 2475 874 2526 est
888 2467 946 2540 vie,
959 2486 1050 2545 pesce
1064 2468 1217 2547 cepelles3

350 2561 391 2622 Et
405 2570 506 2640 potum
519 2570 620 2641 pestes
634 2581 703 2641 nge,
718 2561 825 2638 Tityre
838 2580 847 2631 ;
871 2567 902 2619 et
915 2560 993 2619 inter
1006 2561 1157 2638 egendum

351 2654 522 2715 Occursare
535 2674 638 2734 cepro,
653 2673 748 2714 cornu
761 2655 830 2713 serit
843 2654 904 2725 iile,
914 2653 1062 2713 *cavetoss’
1298 2652 1340 2711 25

786 2828 903 2870 MOERIS.

315 2951 320 2960 “
353 2937 446 2998 Immo
460 2937 537 3008 hoec,
554 2954 620 3014 quae
634 2933 729 3005 Vero,
746 2932 876 2992 necdum
888 2933 1032 3012 perfecte,
1047 2934 1198 2993 cenebet:

356 3037 376 3064 ‘⁶
387 3030 481 3103 Vere,
496 3037 580 3089 tuum
592 3046 700 3087 nomen
716 3025 851 3105 (superet
864 3026 951 3085 modd
964 3027 1093 3086 Mentue
1104 3027 1200 3102 nobis,

352 3127 480 3186 Mentue
490 3146 536 3187 yse
549 3125 666 3185 misere)
680 3123 801 3185 nimium
814 3125 913 3184 vicine
927 3123 1086 3184 Cremonae
1099 3123 1122 3204 t)

354 3219 521 3282 Cantantes
535 3217 659 3278 sublime
674 3217 770 3278 ferent
784 3217 936 3277 adsidere
949 3218 1071 3296 cycni.”

774 3397 915 3439 chlnne.

354 3501 404 3560 Sic
417 3505 473 3561 tue'
483 3501 623 3580 Cyrneas
636 3502 750 3581 fugient
763 3503 902 3565 examine
913 3513 1000 3563 texos
1010 3523 1033 3576 3·

354 3597 403 3656 Sic
416 3597 512 3674 cytiso
526 3604 618 3674 pestae
632 3594 801 3656 distendent
815 3598 909 3655 ubere
921 3617 1033 3657 veccae.

353 3689 467 3767 incipe,
484 3690 509 3748 si
525 3689 594 3768 quid
607 3689 710 3748 hebes.
752 3689 792 3748 Et
809 3709 857 3748 me
871 3687 971 3750 sociere
986 3692 1104 3768 poitem

351 3782 488 3842 Pierides
503 3803 511 3855 3
536 3789 604 3842 sunt
618 3789 648 3841 et
662 3773 732 3842 mihi
746 3783 880 3842 carmine
892 3803 900 3853 ;
924 3803 971 3841 me
987 3803 1105 3862 quoque
1119 3781 1220 3845 dicunt

351 3875 462 3935 Vetem
476 3880 610 3955 pastores
625 3897 632 3934 :
655 3875 708 3935 sed
722 3895 782 3935 non
796 3895 855 3955 ego
868 3876 1009 3936 credulus
1022 3877 1091 3937 iilis.

352 3969 382 4029 N
384 3988 432 4028 em
446 3989 544 4046 neque
559 3971 656 4029 edhuc
669 3970 763 4030 Verio
778 3970 881 4029 videor
893 3989 951 4029 nee
964 3970 1066 4028 dicere
1081 3968 1183 4031 cinna
1299 3969 1340 4030 ³5

352 4061 467 4142 Digne,
482 4063 535 4121 sed
549 4070 672 4141 ergntos
685 4063 762 4122 inter
776 4072 910 4142 strepere
929 4082 1020 4123 enses
1032 4063 1140 4124 olores.

786 4239 900 4280 ΗΕΚΝ.

354 4341 390 4402 ld
401 4341 520 4421 quidem
534 4363 592 4423 ego
606 4363 614 4414 3
638 4352 667 4403 et
680 4343 801 4417 tacitus,
816 4345 942 4423 Lycide,
958 4363 1076 4404 meeum
1087 4343 1152 4424 ipse
1165 4343 1276 4420 voluto,

354 4437 386 4497 Si
399 4437 515 4496 veleem
528 4437 696 4498 meminisse
712 4455 721 4509 3
744 4455 844 4516 neque
857 4447 903 4498 est
916 4435 1046 4518 ignobile
1064 4457 1196 4500 cermen.
