<?xml version="1.0" encoding="UTF-8"?>
<!DOCTYPE html PUBLIC "-//W3C//DTD XHTML 1.0 Transitional//EN"
    "http://www.w3.org/TR/xhtml1/DTD/xhtml1-transitional.dtd">
<html xmlns="http://www.w3.org/1999/xhtml" xml:lang="en" lang="en">
 <head>
  <title>
</title>
<meta http-equiv="Content-Type" content="text/html;charset=utf-8" />
  <meta name='ocr-system' content='tesseract 3.04.00' />
  <meta name='ocr-capabilities' content='ocr_page ocr_carea ocr_par ocr_line ocrx_word'/>
</head>
<body>
  <div class='ocr_page' id='page_1' title='image "./pvirgiliimaroni01bowegoog/pvirgiliimaroni01bowegoog_0162.png"; bbox 0 0 3167 5234; ppageno 0'>
   <div class='ocr_carea' id='block_1_1' title="bbox 360 540 1053 608">
    <p class='ocr_par' dir='ltr' id='par_1_1' title="bbox 360 540 1053 608">
     <span class='ocr_line' id='line_1_1' title="bbox 360 540 1053 608; baseline -0.029 0"><span class='ocrx_word' id='word_1_1' title='bbox 360 551 416 608; x_wconf 81' lang='lat'><strong>160</strong></span> <span class='ocrx_word' id='word_1_2' title='bbox 640 543 666 590; x_wconf 89' lang='lat' dir='ltr'><strong>P.</strong></span> <span class='ocrx_word' id='word_1_3' title='bbox 689 540 855 589; x_wconf 73' lang='lat' dir='ltr'><strong>vtsutun</strong></span> <span class='ocrx_word' id='word_1_4' title='bbox 879 541 1053 591; x_wconf 74' lang='lat' dir='ltr'><strong>attactus</strong></span> 
     </span>
    </p>
   </div>
   <div class='ocr_carea' id='block_1_2' title="bbox 354 680 1144 950">
    <p class='ocr_par' dir='ltr' id='par_1_2' title="bbox 354 680 1144 950">
     <span class='ocr_line' id='line_1_2' title="bbox 355 680 1094 762; baseline -0.007 -18"><span class='ocrx_word' id='word_1_5' title='bbox 355 685 417 745; x_wconf 81' lang='lat' dir='ltr'><strong>Aut</strong></span> <span class='ocrx_word' id='word_1_6' title='bbox 428 681 684 762; x_wconf 82' lang='lat' dir='ltr'><strong>Agamemnonius</strong></span> <span class='ocrx_word' id='word_1_7' title='bbox 696 681 798 740; x_wconf 87' lang='lat' dir='ltr'><strong>scenis</strong></span> <span class='ocrx_word' id='word_1_8' title='bbox 810 681 942 760; x_wconf 83' lang='lat' dir='ltr'><strong>agitatus</strong></span> <span class='ocrx_word' id='word_1_9' title='bbox 956 680 1094 751; x_wconf 69' lang='grc' dir='ltr'><strong>Οηιίοι,</strong></span> 
     </span>
     <span class='ocr_line' id='line_1_3' title="bbox 354 772 1113 852; baseline -0.007 -15"><span class='ocrx_word' id='word_1_10' title='bbox 354 777 510 837; x_wconf 82' lang='lat' dir='ltr'><strong>Armatam</strong></span> <span class='ocrx_word' id='word_1_11' title='bbox 523 777 639 836; x_wconf 77' lang='lat' dir='ltr'><strong>facibus</strong></span> <span class='ocrx_word' id='word_1_12' title='bbox 655 784 780 835; x_wconf 84' lang='lat' dir='ltr'><strong>matrem</strong></span> <span class='ocrx_word' id='word_1_13' title='bbox 794 783 824 834; x_wconf 88' lang='lat' dir='ltr'><strong>et</strong></span> <span class='ocrx_word' id='word_1_14' title='bbox 838 775 1027 852; x_wconf 74' lang='lat' dir='ltr'>serpentibus</span> <span class='ocrx_word' id='word_1_15' title='bbox 1040 772 1113 832; x_wconf 86' lang='lat' dir='ltr'><strong>atris</strong></span> 
     </span>
     <span class='ocr_line' id='line_1_4' title="bbox 356 867 1144 950; baseline -0.008 -19"><span class='ocrx_word' id='word_1_16' title='bbox 356 871 457 940; x_wconf 80' lang='lat' dir='ltr'><strong>Quum</strong></span> <span class='ocrx_word' id='word_1_17' title='bbox 472 871 558 950; x_wconf 86' lang='lat' dir='ltr'><strong>fugit,</strong></span> <span class='ocrx_word' id='word_1_18' title='bbox 575 870 757 946; x_wconf 77' lang='lat' dir='ltr'><strong>ultricesque</strong></span> <span class='ocrx_word' id='word_1_19' title='bbox 772 868 878 927; x_wconf 89' lang='lat' dir='ltr'><strong>sedent</strong></span> <span class='ocrx_word' id='word_1_20' title='bbox 890 869 922 928; x_wconf 90' lang='lat' dir='ltr'><strong>in</strong></span> <span class='ocrx_word' id='word_1_21' title='bbox 934 868 1036 926; x_wconf 88' lang='lat' dir='ltr'><strong>limine</strong></span> <span class='ocrx_word' id='word_1_22' title='bbox 1048 867 1144 926; x_wconf 81' lang='lat' dir='ltr'><strong>Dina.</strong></span> 
     </span>
    </p>
   </div>
   <div class='ocr_carea' id='block_1_3' title="bbox 334 961 1342 3664">
    <p class='ocr_par' dir='ltr' id='par_1_3' title="bbox 334 961 1342 3664">
     <span class='ocr_line' id='line_1_5' title="bbox 393 961 1039 1044; baseline -0.009 -20"><span class='ocrx_word' id='word_1_23' title='bbox 393 965 478 1044; x_wconf 84' lang='lat' dir='ltr'><strong>Ergo</strong></span> <span class='ocrx_word' id='word_1_24' title='bbox 492 965 544 1023; x_wconf 92' lang='lat' dir='ltr'><strong>ubi</strong></span> <span class='ocrx_word' id='word_1_25' title='bbox 557 962 694 1041; x_wconf 90' lang='lat' dir='ltr'><strong>concepit</strong></span> <span class='ocrx_word' id='word_1_26' title='bbox 708 962 801 1022; x_wconf 89' lang='lat' dir='ltr'><strong>furias</strong></span> <span class='ocrx_word' id='word_1_27' title='bbox 814 962 914 1020; x_wconf 79' lang='lat' dir='ltr'><strong>evicta</strong></span> <span class='ocrx_word' id='word_1_28' title='bbox 926 961 1039 1032; x_wconf 89' lang='lat' dir='ltr'><strong>dolore,</strong></span> 
     </span>
     <span class='ocr_line' id='line_1_6' title="bbox 353 1053 1342 1134; baseline -0.002 -18"><span class='ocrx_word' id='word_1_29' title='bbox 353 1057 558 1134; x_wconf 79' lang='lat' dir='ltr'><strong>Decrevitque</strong></span> <span class='ocrx_word' id='word_1_30' title='bbox 572 1057 657 1131; x_wconf 89' lang='lat' dir='ltr'><strong>mori,</strong></span> <span class='ocrx_word' id='word_1_31' title='bbox 672 1065 789 1134; x_wconf 88' lang='lat' dir='ltr'><strong>tempus</strong></span> <span class='ocrx_word' id='word_1_32' title='bbox 802 1074 908 1115; x_wconf 86' lang='lat' dir='ltr'><strong>secum</strong></span> <span class='ocrx_word' id='word_1_33' title='bbox 919 1055 986 1133; x_wconf 83' lang='lat' dir='ltr'><strong>ipsa</strong></span> <span class='ocrx_word' id='word_1_34' title='bbox 998 1053 1177 1130; x_wconf 79' lang='lat' dir='ltr'><strong>modumque</strong></span> <span class='ocrx_word' id='word_1_35' title='bbox 1283 1057 1342 1114; x_wconf 78' lang='grc'><strong>475</strong></span> 
     </span>
     <span class='ocr_line' id='line_1_7' title="bbox 353 1149 1083 1230; baseline -0.008 -19"><span class='ocrx_word' id='word_1_36' title='bbox 353 1151 467 1230; x_wconf 79' lang='lat' dir='ltr'><strong>Exigit,</strong></span> <span class='ocrx_word' id='word_1_37' title='bbox 483 1159 513 1210; x_wconf 91' lang='lat' dir='ltr'><strong>et</strong></span> <span class='ocrx_word' id='word_1_38' title='bbox 528 1159 664 1212; x_wconf 81' lang='lat' dir='ltr'><strong>moestam</strong></span> <span class='ocrx_word' id='word_1_39' title='bbox 678 1149 766 1209; x_wconf 88' lang='lat' dir='ltr'><strong>dictis</strong></span> <span class='ocrx_word' id='word_1_40' title='bbox 780 1168 927 1228; x_wconf 88' lang='lat' dir='ltr'><strong>aggressa</strong></span> <span class='ocrx_word' id='word_1_41' title='bbox 938 1167 1083 1219; x_wconf 89' lang='lat' dir='ltr'><strong>sororem,</strong></span> 
     </span>
     <span class='ocr_line' id='line_1_8' title="bbox 354 1241 1129 1323; baseline -0.009 -17"><span class='ocrx_word' id='word_1_42' title='bbox 354 1245 522 1306; x_wconf 83' lang='lat' dir='ltr'><strong>Consilium</strong></span> <span class='ocrx_word' id='word_1_43' title='bbox 535 1245 617 1304; x_wconf 85' lang='lat' dir='ltr'><strong>vultu</strong></span> <span class='ocrx_word' id='word_1_44' title='bbox 631 1243 716 1323; x_wconf 88' lang='lat' dir='ltr'><strong>tegit,</strong></span> <span class='ocrx_word' id='word_1_45' title='bbox 731 1262 767 1303; x_wconf 85' lang='lat' dir='ltr'><strong>ac</strong></span> <span class='ocrx_word' id='word_1_46' title='bbox 780 1262 865 1321; x_wconf 88' lang='lat' dir='ltr'><strong>spem</strong></span> <span class='ocrx_word' id='word_1_47' title='bbox 878 1241 974 1301; x_wconf 87' lang='lat' dir='ltr'><strong>fronte</strong></span> <span class='ocrx_word' id='word_1_48' title='bbox 988 1247 1129 1301; x_wconf 87' lang='lat' dir='ltr'><strong>serenat:</strong></span> 
     </span>
     <span class='ocr_line' id='line_1_9' title="bbox 353 1336 1024 1418; baseline -0.006 -21"><span class='ocrx_word' id='word_1_49' title='bbox 353 1337 468 1412; x_wconf 87' lang='lat' dir='ltr'><strong>Inveni,</strong></span> <span class='ocrx_word' id='word_1_50' title='bbox 483 1357 639 1418; x_wconf 88' lang='lat' dir='ltr'><strong>germana,</strong></span> <span class='ocrx_word' id='word_1_51' title='bbox 656 1337 746 1409; x_wconf 81' lang='lat' dir='ltr'><strong>viam,</strong></span> <span class='ocrx_word' id='word_1_52' title='bbox 763 1336 899 1414; x_wconf 85' lang='lat' dir='ltr'><strong>(gratare</strong></span> <span class='ocrx_word' id='word_1_53' title='bbox 912 1336 1024 1414; x_wconf 87' lang='lat' dir='ltr'><strong>sorori)</strong></span> 
     </span>
     <span class='ocr_line' id='line_1_10' title="bbox 353 1429 1184 1502; baseline -0.004 -9"><span class='ocrx_word' id='word_1_54' title='bbox 353 1432 430 1501; x_wconf 79' lang='lat' dir='ltr'><strong>Quae</strong></span> <span class='ocrx_word' id='word_1_55' title='bbox 444 1432 515 1492; x_wconf 90' lang='lat' dir='ltr'><strong>mihi</strong></span> <span class='ocrx_word' id='word_1_56' title='bbox 527 1431 632 1491; x_wconf 79' lang='lat' dir='ltr'><strong>reddet</strong></span> <span class='ocrx_word' id='word_1_57' title='bbox 647 1449 726 1502; x_wconf 89' lang='lat' dir='ltr'><strong>eum,</strong></span> <span class='ocrx_word' id='word_1_58' title='bbox 743 1430 791 1488; x_wconf 82' lang='lat' dir='ltr'><strong>rel</strong></span> <span class='ocrx_word' id='word_1_59' title='bbox 805 1449 843 1488; x_wconf 89' lang='lat' dir='ltr'><strong>eo</strong></span> <span class='ocrx_word' id='word_1_60' title='bbox 855 1449 903 1488; x_wconf 89' lang='lat' dir='ltr'><strong>me</strong></span> <span class='ocrx_word' id='word_1_61' title='bbox 917 1429 1014 1488; x_wconf 85' lang='lat' dir='ltr'><strong>solvat</strong></span> <span class='ocrx_word' id='word_1_62' title='bbox 1028 1437 1184 1490; x_wconf 86' lang='lat' dir='ltr'><strong>amantem.</strong></span> 
     </span>
     <span class='ocr_line' id='line_1_11' title="bbox 351 1523 1340 1601; baseline -0.003 -15"><span class='ocrx_word' id='word_1_63' title='bbox 351 1526 468 1586; x_wconf 79' lang='lat' dir='ltr'><strong>Oceani</strong></span> <span class='ocrx_word' id='word_1_64' title='bbox 480 1526 569 1584; x_wconf 88' lang='lat' dir='ltr'><strong>finem</strong></span> <span class='ocrx_word' id='word_1_65' title='bbox 585 1525 673 1601; x_wconf 85' lang='lat' dir='ltr'><strong>juxta</strong></span> <span class='ocrx_word' id='word_1_66' title='bbox 685 1524 839 1600; x_wconf 86' lang='lat' dir='ltr'><strong>solemque</strong></span> <span class='ocrx_word' id='word_1_67' title='bbox 853 1523 1028 1596; x_wconf 66' lang='lat' dir='ltr'><strong>cadentem·</strong></span> <span class='ocrx_word' id='word_1_68' title='bbox 1281 1525 1340 1583; x_wconf 78' lang='lat' dir='ltr'><strong>tao</strong></span> 
     </span>
     <span class='ocr_line' id='line_1_12' title="bbox 351 1616 1170 1696; baseline -0.002 -18"><span class='ocrx_word' id='word_1_69' title='bbox 351 1618 479 1678; x_wconf 86' lang='lat' dir='ltr'><strong>Ultimus</strong></span> <span class='ocrx_word' id='word_1_70' title='bbox 492 1617 672 1696; x_wconf 80' lang='lat' dir='ltr'><strong>AEthiopum</strong></span> <span class='ocrx_word' id='word_1_71' title='bbox 685 1617 770 1676; x_wconf 87' lang='lat' dir='ltr'><strong>locus</strong></span> <span class='ocrx_word' id='word_1_72' title='bbox 784 1625 841 1688; x_wconf 90' lang='lat' dir='ltr'><strong>est,</strong></span> <span class='ocrx_word' id='word_1_73' title='bbox 857 1617 909 1674; x_wconf 94' lang='lat' dir='ltr'><strong>ubi</strong></span> <span class='ocrx_word' id='word_1_74' title='bbox 921 1617 1068 1676; x_wconf 75' lang='lat' dir='ltr'><strong>maximus</strong></span> <span class='ocrx_word' id='word_1_75' title='bbox 1081 1616 1170 1677; x_wconf 79' lang='lat' dir='ltr'><strong>Atlas</strong></span> 
     </span>
     <span class='ocr_line' id='line_1_13' title="bbox 351 1710 1140 1790; baseline 0.001 -20"><span class='ocrx_word' id='word_1_76' title='bbox 351 1714 448 1770; x_wconf 84' lang='lat' dir='ltr'><strong>Axem</strong></span> <span class='ocrx_word' id='word_1_77' title='bbox 461 1713 584 1790; x_wconf 88' lang='lat' dir='ltr'><strong>humero</strong></span> <span class='ocrx_word' id='word_1_78' title='bbox 597 1718 716 1787; x_wconf 85' lang='lat' dir='ltr'><strong>torquet</strong></span> <span class='ocrx_word' id='word_1_79' title='bbox 730 1710 825 1769; x_wconf 87' lang='lat' dir='ltr'><strong>stellis</strong></span> <span class='ocrx_word' id='word_1_80' title='bbox 838 1710 1012 1770; x_wconf 88' lang='lat' dir='ltr'><strong>ardentibus</strong></span> <span class='ocrx_word' id='word_1_81' title='bbox 1029 1719 1140 1789; x_wconf 82' lang='lat' dir='ltr'><strong>aptum.</strong></span> 
     </span>
     <span class='ocr_line' id='line_1_14' title="bbox 350 1803 1133 1882; baseline -0.001 -18"><span class='ocrx_word' id='word_1_82' title='bbox 350 1805 434 1864; x_wconf 90' lang='lat' dir='ltr'><strong>Hinc</strong></span> <span class='ocrx_word' id='word_1_83' title='bbox 447 1804 519 1864; x_wconf 91' lang='lat' dir='ltr'><strong>mibi</strong></span> <span class='ocrx_word' id='word_1_84' title='bbox 531 1804 675 1880; x_wconf 72' lang='lat' dir='ltr'><strong>Massyla</strong></span> <span class='ocrx_word' id='word_1_85' title='bbox 690 1804 788 1882; x_wconf 87' lang='lat' dir='ltr'><strong>gentis</strong></span> <span class='ocrx_word' id='word_1_86' title='bbox 801 1811 966 1863; x_wconf 86' lang='lat' dir='ltr'><strong>monstrata</strong></span> <span class='ocrx_word' id='word_1_87' title='bbox 978 1803 1133 1877; x_wconf 87' lang='lat' dir='ltr'><strong>sacerdos,</strong></span> 
     </span>
     <span class='ocr_line' id='line_1_15' title="bbox 334 1897 1115 1978; baseline 0.001 -23"><span class='ocrx_word' id='word_1_88' title='bbox 334 1898 555 1978; x_wconf 88' lang='lat' dir='ltr'><strong>.Hcsperidum</strong></span> <span class='ocrx_word' id='word_1_89' title='bbox 567 1898 669 1976; x_wconf 87' lang='lat' dir='ltr'><strong>templi</strong></span> <span class='ocrx_word' id='word_1_90' title='bbox 683 1905 795 1969; x_wconf 90' lang='lat' dir='ltr'><strong>custos,</strong></span> <span class='ocrx_word' id='word_1_91' title='bbox 811 1897 977 1976; x_wconf 89' lang='lat' dir='ltr'><strong>epulasque</strong></span> <span class='ocrx_word' id='word_1_92' title='bbox 990 1897 1115 1957; x_wconf 88' lang='lat' dir='ltr'><strong>draconi</strong></span> 
     </span>
     <span class='ocr_line' id='line_1_16' title="bbox 351 1991 1338 2065; baseline -0.003 -12"><span class='ocrx_word' id='word_1_93' title='bbox 351 1993 429 2062; x_wconf 79' lang='lat' dir='ltr'><strong>Quae</strong></span> <span class='ocrx_word' id='word_1_94' title='bbox 442 1993 543 2065; x_wconf 87' lang='lat' dir='ltr'><strong>dabat,</strong></span> <span class='ocrx_word' id='word_1_95' title='bbox 561 2001 591 2051; x_wconf 86' lang='lat' dir='ltr'><strong>et</strong></span> <span class='ocrx_word' id='word_1_96' title='bbox 604 2011 708 2050; x_wconf 88' lang='lat' dir='ltr'><strong>sacros</strong></span> <span class='ocrx_word' id='word_1_97' title='bbox 722 1993 863 2050; x_wconf 86' lang='lat' dir='ltr'><strong>servabat</strong></span> <span class='ocrx_word' id='word_1_98' title='bbox 877 1991 907 2050; x_wconf 93' lang='lat' dir='ltr'><strong>in</strong></span> <span class='ocrx_word' id='word_1_99' title='bbox 921 1991 1029 2050; x_wconf 89' lang='lat' dir='ltr'><strong>arbore</strong></span> <span class='ocrx_word' id='word_1_100' title='bbox 1042 2011 1152 2065; x_wconf 85' lang='lat' dir='ltr'><strong>ramos,</strong></span> <span class='ocrx_word' id='word_1_101' title='bbox 1280 1991 1338 2050; x_wconf 77' lang='lat' dir='ltr'><strong>tao</strong></span> 
     </span>
     <span class='ocr_line' id='line_1_17' title="bbox 350 2087 1165 2169; baseline 0.001 -21"><span class='ocrx_word' id='word_1_102' title='bbox 350 2091 502 2169; x_wconf 88' lang='lat' dir='ltr'><strong>Spargens</strong></span> <span class='ocrx_word' id='word_1_103' title='bbox 517 2088 638 2148; x_wconf 85' lang='lat' dir='ltr'><strong>humide</strong></span> <span class='ocrx_word' id='word_1_104' title='bbox 650 2088 739 2148; x_wconf 88' lang='lat' dir='ltr'><strong>mella</strong></span> <span class='ocrx_word' id='word_1_105' title='bbox 754 2087 1010 2166; x_wconf 80' lang='lat' dir='ltr'><strong>soporiferumque</strong></span> <span class='ocrx_word' id='word_1_106' title='bbox 1024 2107 1165 2167; x_wconf 84' lang='lat' dir='ltr'><strong>papaver.</strong></span> 
     </span>
     <span class='ocr_line' id='line_1_18' title="bbox 348 2181 1089 2260; baseline -0.001 -17"><span class='ocrx_word' id='word_1_107' title='bbox 348 2181 428 2242; x_wconf 84' lang='lat' dir='ltr'><strong>Haeo</strong></span> <span class='ocrx_word' id='word_1_108' title='bbox 442 2203 475 2243; x_wconf 91' lang='lat' dir='ltr'><strong>se</strong></span> <span class='ocrx_word' id='word_1_109' title='bbox 491 2182 674 2242; x_wconf 75' lang='lat' dir='ltr'><strong>carminibus</strong></span> <span class='ocrx_word' id='word_1_110' title='bbox 687 2181 829 2260; x_wconf 88' lang='lat' dir='ltr'><strong>promittit</strong></span> <span class='ocrx_word' id='word_1_111' title='bbox 841 2181 960 2240; x_wconf 78' lang='lat' dir='ltr'><strong>solvere</strong></span> <span class='ocrx_word' id='word_1_112' title='bbox 973 2189 1089 2242; x_wconf 88' lang='lat' dir='ltr'><strong>mentes</strong></span> 
     </span>
     <span class='ocr_line' id='line_1_19' title="bbox 349 2276 1075 2350; baseline -0.003 -14"><span class='ocrx_word' id='word_1_113' title='bbox 349 2276 436 2344; x_wconf 77' lang='lat' dir='ltr'><strong>Quas</strong></span> <span class='ocrx_word' id='word_1_114' title='bbox 450 2277 530 2350; x_wconf 81' lang='lat' dir='ltr'><strong>uelit,</strong></span> <span class='ocrx_word' id='word_1_115' title='bbox 548 2285 594 2335; x_wconf 89' lang='lat' dir='ltr'><strong>ast</strong></span> <span class='ocrx_word' id='word_1_116' title='bbox 607 2276 674 2336; x_wconf 88' lang='lat' dir='ltr'><strong>aliis</strong></span> <span class='ocrx_word' id='word_1_117' title='bbox 688 2276 783 2334; x_wconf 87' lang='lat' dir='ltr'><strong>duras.</strong></span> <span class='ocrx_word' id='word_1_118' title='bbox 793 2276 950 2334; x_wconf 84' lang='lat' dir='ltr'><strong>immittere</strong></span> <span class='ocrx_word' id='word_1_119' title='bbox 964 2295 1053 2335; x_wconf 85' lang='lat' dir='ltr'><strong>curas</strong></span> <span class='ocrx_word' id='word_1_120' title='bbox 1066 2296 1075 2346; x_wconf 78' lang='lat'><em>3</em></span> 
     </span>
     <span class='ocr_line' id='line_1_20' title="bbox 348 2368 1114 2448; baseline 0 -19"><span class='ocrx_word' id='word_1_121' title='bbox 348 2370 460 2430; x_wconf 88' lang='lat' dir='ltr'><strong>Sistere</strong></span> <span class='ocrx_word' id='word_1_122' title='bbox 475 2389 584 2448; x_wconf 87' lang='lat' dir='ltr'><strong>aquam</strong></span> <span class='ocrx_word' id='word_1_123' title='bbox 598 2370 706 2442; x_wconf 79' lang='lat' dir='ltr'><strong>fluviis,</strong></span> <span class='ocrx_word' id='word_1_124' title='bbox 724 2378 752 2428; x_wconf 89' lang='lat' dir='ltr'><strong>et</strong></span> <span class='ocrx_word' id='word_1_125' title='bbox 766 2377 885 2429; x_wconf 83' lang='lat' dir='ltr'><strong>vertere</strong></span> <span class='ocrx_word' id='word_1_126' title='bbox 898 2368 998 2428; x_wconf 82' lang='lat' dir='ltr'><strong>sidera</strong></span> <span class='ocrx_word' id='word_1_127' title='bbox 1009 2378 1091 2429; x_wconf 89' lang='lat' dir='ltr'><strong>retro</strong></span> <span class='ocrx_word' id='word_1_128' title='bbox 1106 2389 1114 2428; x_wconf 75' lang='grc' dir='ltr'><strong><em>τ</em></strong></span> 
     </span>
     <span class='ocr_line' id='line_1_21' title="bbox 348 2461 1337 2542; baseline 0.001 -18"><span class='ocrx_word' id='word_1_129' title='bbox 348 2465 579 2542; x_wconf 86' lang='lat' dir='ltr'><strong>Noeturaosqoe</strong></span> <span class='ocrx_word' id='word_1_130' title='bbox 594 2466 653 2524; x_wconf 89' lang='lat' dir='ltr'><strong>ciet</strong></span> <span class='ocrx_word' id='word_1_131' title='bbox 668 2464 795 2524; x_wconf 87' lang='lat' dir='ltr'><strong>Manes:</strong></span> <span class='ocrx_word' id='word_1_132' title='bbox 818 2463 933 2542; x_wconf 86' lang='lat' dir='ltr'><strong>mugire</strong></span> <span class='ocrx_word' id='word_1_133' title='bbox 947 2461 1062 2524; x_wconf 84' lang='lat' dir='ltr'><strong>videbis</strong></span> <span class='ocrx_word' id='word_1_134' title='bbox 1276 2467 1337 2525; x_wconf 81' lang='lat'><strong>490</strong></span> 
     </span>
     <span class='ocr_line' id='line_1_22' title="bbox 349 2557 1203 2636; baseline 0.005 -20"><span class='ocrx_word' id='word_1_135' title='bbox 349 2560 410 2618; x_wconf 92' lang='lat' dir='ltr'><strong>Sub</strong></span> <span class='ocrx_word' id='word_1_136' title='bbox 425 2559 549 2636; x_wconf 89' lang='lat' dir='ltr'><strong>pedibus</strong></span> <span class='ocrx_word' id='word_1_137' title='bbox 562 2568 685 2631; x_wconf 86' lang='lat' dir='ltr'><strong>terram,</strong></span> <span class='ocrx_word' id='word_1_138' title='bbox 701 2568 730 2616; x_wconf 90' lang='lat' dir='ltr'><strong>et</strong></span> <span class='ocrx_word' id='word_1_139' title='bbox 744 2557 929 2618; x_wconf 83' lang='lat' dir='ltr'><strong>descendere</strong></span> <span class='ocrx_word' id='word_1_140' title='bbox 943 2559 1091 2617; x_wconf 90' lang='lat' dir='ltr'><strong>montibus</strong></span> <span class='ocrx_word' id='word_1_141' title='bbox 1104 2577 1203 2621; x_wconf 89' lang='lat' dir='ltr'><strong>ornos.</strong></span> 
     </span>
     <span class='ocr_line' id='line_1_23' title="bbox 348 2648 1101 2730; baseline 0.003 -22"><span class='ocrx_word' id='word_1_142' title='bbox 348 2648 467 2724; x_wconf 83' lang='lat' dir='ltr'><strong>Testor,</strong></span> <span class='ocrx_word' id='word_1_143' title='bbox 483 2671 566 2724; x_wconf 87' lang='lat' dir='ltr'><strong>cara,</strong></span> <span class='ocrx_word' id='word_1_144' title='bbox 583 2651 665 2725; x_wconf 87' lang='lat' dir='ltr'><strong>deos,</strong></span> <span class='ocrx_word' id='word_1_145' title='bbox 680 2658 709 2709; x_wconf 91' lang='lat' dir='ltr'><strong>et</strong></span> <span class='ocrx_word' id='word_1_146' title='bbox 728 2658 769 2723; x_wconf 88' lang='lat' dir='ltr'><strong>te,</strong></span> <span class='ocrx_word' id='word_1_147' title='bbox 786 2659 1101 2730; x_wconf 64' lang='lat' dir='ltr'><strong>gemmatumque</strong></span> 
     </span>
     <span class='ocr_line' id='line_1_24' title="bbox 347 2743 1118 2822; baseline 0.005 -20"><span class='ocrx_word' id='word_1_148' title='bbox 347 2743 447 2804; x_wconf 84' lang='lat' dir='ltr'><strong>Dulce</strong></span> <span class='ocrx_word' id='word_1_149' title='bbox 461 2752 561 2822; x_wconf 85' lang='lat' dir='ltr'><strong>ceput,</strong></span> <span class='ocrx_word' id='word_1_150' title='bbox 577 2745 711 2822; x_wconf 87' lang='lat' dir='ltr'><strong>magicas</strong></span> <span class='ocrx_word' id='word_1_151' title='bbox 724 2743 846 2802; x_wconf 84' lang='lat' dir='ltr'><strong>invitam</strong></span> <span class='ocrx_word' id='word_1_152' title='bbox 860 2744 1014 2822; x_wconf 75' lang='lat' dir='ltr'><strong>accingier</strong></span> <span class='ocrx_word' id='word_1_153' title='bbox 1027 2752 1118 2806; x_wconf 82' lang='lat' dir='ltr'><strong>artes.</strong></span> 
     </span>
     <span class='ocr_line' id='line_1_25' title="bbox 347 2837 1071 2915; baseline 0 -18"><span class='ocrx_word' id='word_1_154' title='bbox 347 2837 395 2898; x_wconf 80' lang='lat' dir='ltr'><strong>&#39;l&#39;u</strong></span> <span class='ocrx_word' id='word_1_155' title='bbox 410 2845 529 2896; x_wconf 89' lang='lat' dir='ltr'><strong>secreta</strong></span> <span class='ocrx_word' id='word_1_156' title='bbox 543 2857 646 2915; x_wconf 89' lang='lat' dir='ltr'><strong>pyram</strong></span> <span class='ocrx_word' id='word_1_157' title='bbox 660 2845 740 2896; x_wconf 89' lang='lat' dir='ltr'><strong>tecto</strong></span> <span class='ocrx_word' id='word_1_158' title='bbox 754 2837 895 2895; x_wconf 89' lang='lat' dir='ltr'><strong>interiore</strong></span> <span class='ocrx_word' id='word_1_159' title='bbox 909 2839 965 2896; x_wconf 90' lang='lat' dir='ltr'><strong>sub</strong></span> <span class='ocrx_word' id='word_1_160' title='bbox 980 2857 1071 2897; x_wconf 86' lang='lat' dir='ltr'><strong>auras</strong></span> 
     </span>
     <span class='ocr_line' id='line_1_26' title="bbox 346 2929 1335 3008; baseline 0.002 -19"><span class='ocrx_word' id='word_1_161' title='bbox 346 2929 441 3008; x_wconf 82' lang='lat' dir='ltr'><strong>Erige</strong></span> <span class='ocrx_word' id='word_1_162' title='bbox 456 2949 464 3000; x_wconf 88' lang='lat'>;</span> <span class='ocrx_word' id='word_1_163' title='bbox 488 2939 517 2989; x_wconf 88' lang='lat' dir='ltr'><strong>et</strong></span> <span class='ocrx_word' id='word_1_164' title='bbox 533 2949 616 2988; x_wconf 88' lang='lat' dir='ltr'><strong>arma</strong></span> <span class='ocrx_word' id='word_1_165' title='bbox 629 2930 695 3002; x_wconf 82' lang='lat' dir='ltr'><strong>viri,</strong></span> <span class='ocrx_word' id='word_1_166' title='bbox 711 2930 842 2988; x_wconf 87' lang='lat' dir='ltr'><strong>thalamo</strong></span> <span class='ocrx_word' id='word_1_167' title='bbox 857 2949 924 3006; x_wconf 82' lang='lat' dir='ltr'><strong>quas</strong></span> <span class='ocrx_word' id='word_1_168' title='bbox 938 2931 997 2989; x_wconf 86' lang='lat' dir='ltr'><strong>fixa</strong></span> <span class='ocrx_word' id='word_1_169' title='bbox 1010 2932 1131 3008; x_wconf 86' lang='lat' dir='ltr'><strong>reliquit</strong></span> <span class='ocrx_word' id='word_1_170' title='bbox 1275 2933 1335 2991; x_wconf 83' lang='grc'><strong>495</strong></span> 
     </span>
     <span class='ocr_line' id='line_1_27' title="bbox 348 3024 1146 3104; baseline 0 -20"><span class='ocrx_word' id='word_1_171' title='bbox 348 3024 469 3101; x_wconf 86' lang='lat' dir='ltr'><strong>Impius,</strong></span> <span class='ocrx_word' id='word_1_172' title='bbox 485 3024 669 3100; x_wconf 86' lang='lat' dir='ltr'><strong>exuviasque</strong></span> <span class='ocrx_word' id='word_1_173' title='bbox 684 3043 798 3096; x_wconf 89' lang='lat' dir='ltr'><strong>omnes,</strong></span> <span class='ocrx_word' id='word_1_174' title='bbox 813 3025 983 3101; x_wconf 87' lang='lat' dir='ltr'><strong>lectumque</strong></span> <span class='ocrx_word' id='word_1_175' title='bbox 1000 3026 1146 3104; x_wconf 86' lang='lat' dir='ltr'><strong>jugalem,</strong></span> 
     </span>
     <span class='ocr_line' id='line_1_28' title="bbox 348 3117 1076 3196; baseline 0.003 -20"><span class='ocrx_word' id='word_1_176' title='bbox 348 3118 418 3186; x_wconf 82' lang='lat' dir='ltr'><strong>Quo</strong></span> <span class='ocrx_word' id='word_1_177' title='bbox 433 3118 517 3196; x_wconf 87' lang='lat' dir='ltr'><strong>perii,</strong></span> <span class='ocrx_word' id='word_1_178' title='bbox 534 3117 767 3195; x_wconf 82' lang='lat' dir='ltr'><strong>superimpones.</strong></span> <span class='ocrx_word' id='word_1_179' title='bbox 810 3118 942 3177; x_wconf 85' lang='lat' dir='ltr'><strong>Abolere</strong></span> <span class='ocrx_word' id='word_1_180' title='bbox 956 3119 1076 3178; x_wconf 75' lang='lat' dir='ltr'><strong>nefandi</strong></span> 
     </span>
     <span class='ocr_line' id='line_1_29' title="bbox 347 3211 1227 3290; baseline 0.002 -18"><span class='ocrx_word' id='word_1_181' title='bbox 347 3211 469 3272; x_wconf 86' lang='lat' dir='ltr'><strong>Cuncta</strong></span> <span class='ocrx_word' id='word_1_182' title='bbox 482 3211 537 3270; x_wconf 85' lang='lat' dir='ltr'><strong>viri</strong></span> <span class='ocrx_word' id='word_1_183' title='bbox 551 3219 740 3268; x_wconf 87' lang='lat' dir='ltr'><strong>monumenta</strong></span> <span class='ocrx_word' id='word_1_184' title='bbox 756 3211 842 3286; x_wconf 85' lang='lat' dir='ltr'><strong>jubet</strong></span> <span class='ocrx_word' id='word_1_185' title='bbox 857 3221 1061 3290; x_wconf 86' lang='lat' dir='ltr'><strong>monstratque</strong></span> <span class='ocrx_word' id='word_1_186' title='bbox 1075 3212 1227 3275; x_wconf 85' lang='lat' dir='ltr'><strong>sacerdos.</strong></span> 
     </span>
     <span class='ocr_line' id='line_1_30' title="bbox 346 3302 1085 3382; baseline 0.003 -19"><span class='ocrx_word' id='word_1_187' title='bbox 346 3304 425 3364; x_wconf 81' lang='lat' dir='ltr'><strong>Haeo</strong></span> <span class='ocrx_word' id='word_1_188' title='bbox 440 3305 531 3364; x_wconf 86' lang='lat' dir='ltr'><strong>effata</strong></span> <span class='ocrx_word' id='word_1_189' title='bbox 545 3303 621 3362; x_wconf 86' lang='lat' dir='ltr'><strong>silet.</strong></span> <span class='ocrx_word' id='word_1_190' title='bbox 663 3302 766 3362; x_wconf 87' lang='lat' dir='ltr'><strong>Pallor</strong></span> <span class='ocrx_word' id='word_1_191' title='bbox 780 3303 867 3362; x_wconf 91' lang='lat' dir='ltr'><strong>simul</strong></span> <span class='ocrx_word' id='word_1_192' title='bbox 882 3314 1009 3382; x_wconf 89' lang='lat' dir='ltr'><strong>occupat</strong></span> <span class='ocrx_word' id='word_1_193' title='bbox 1022 3325 1085 3366; x_wconf 85' lang='lat' dir='ltr'><strong>ora</strong></span> 
     </span>
     <span class='ocr_line' id='line_1_31' title="bbox 345 3397 1334 3474; baseline 0.004 -18"><span class='ocrx_word' id='word_1_194' title='bbox 345 3399 415 3457; x_wconf 90' lang='lat' dir='ltr'><strong>Non</strong></span> <span class='ocrx_word' id='word_1_195' title='bbox 429 3407 528 3457; x_wconf 86' lang='lat' dir='ltr'><strong>tamen</strong></span> <span class='ocrx_word' id='word_1_196' title='bbox 542 3400 632 3456; x_wconf 89' lang='lat' dir='ltr'><strong>Anna</strong></span> <span class='ocrx_word' id='word_1_197' title='bbox 645 3397 729 3455; x_wconf 87' lang='lat' dir='ltr'><strong>novis</strong></span> <span class='ocrx_word' id='word_1_198' title='bbox 743 3404 909 3474; x_wconf 75' lang='lat' dir='ltr'><strong>praetexere</strong></span> <span class='ocrx_word' id='word_1_199' title='bbox 922 3398 1030 3459; x_wconf 82' lang='lat' dir='ltr'><strong>funera</strong></span> <span class='ocrx_word' id='word_1_200' title='bbox 1042 3399 1137 3458; x_wconf 90' lang='lat' dir='ltr'><strong>sacris</strong></span> <span class='ocrx_word' id='word_1_201' title='bbox 1274 3402 1334 3460; x_wconf 94' lang='grc'><strong>500</strong></span> 
     </span>
     <span class='ocr_line' id='line_1_32' title="bbox 345 3491 1076 3562; baseline 0.003 -12"><span class='ocrx_word' id='word_1_202' title='bbox 345 3491 528 3550; x_wconf 80' lang='lat' dir='ltr'><strong>Germanum</strong></span> <span class='ocrx_word' id='word_1_203' title='bbox 542 3491 647 3562; x_wconf 89' lang='lat' dir='ltr'><strong>credit,</strong></span> <span class='ocrx_word' id='word_1_204' title='bbox 664 3509 720 3548; x_wconf 90' lang='lat' dir='ltr'><strong>nec</strong></span> <span class='ocrx_word' id='word_1_205' title='bbox 734 3497 832 3548; x_wconf 90' lang='lat' dir='ltr'><strong>tantos</strong></span> <span class='ocrx_word' id='word_1_206' title='bbox 845 3499 946 3550; x_wconf 87' lang='lat' dir='ltr'><strong>menta</strong></span> <span class='ocrx_word' id='word_1_207' title='bbox 959 3491 1076 3552; x_wconf 76' lang='lat' dir='ltr'><strong>furores</strong></span> 
     </span>
     <span class='ocr_line' id='line_1_33' title="bbox 345 3583 1169 3664; baseline 0.001 -19"><span class='ocrx_word' id='word_1_208' title='bbox 345 3584 496 3663; x_wconf 87' lang='lat' dir='ltr'><strong>Concipit,</strong></span> <span class='ocrx_word' id='word_1_209' title='bbox 513 3593 564 3643; x_wconf 90' lang='lat' dir='ltr'><strong>aut</strong></span> <span class='ocrx_word' id='word_1_210' title='bbox 578 3584 718 3662; x_wconf 86' lang='lat' dir='ltr'><strong>graviora</strong></span> <span class='ocrx_word' id='word_1_211' title='bbox 731 3583 815 3641; x_wconf 90' lang='lat' dir='ltr'><strong>timet</strong></span> <span class='ocrx_word' id='word_1_212' title='bbox 828 3584 920 3660; x_wconf 71' lang='lat' dir='ltr'><strong>qnam</strong></span> <span class='ocrx_word' id='word_1_213' title='bbox 931 3594 1026 3644; x_wconf 88' lang='lat' dir='ltr'><strong>morte</strong></span> <span class='ocrx_word' id='word_1_214' title='bbox 1040 3586 1169 3664; x_wconf 74' lang='lat' dir='ltr'><strong>Sychaei.</strong></span> 
     </span>
    </p>
   </div>
   <div class='ocr_carea' id='block_1_4' title="bbox 228 3678 640 3757">
    <p class='ocr_par' dir='ltr' id='par_1_4' title="bbox 228 3678 640 3757">
     <span class='ocr_line' id='line_1_34' title="bbox 228 3678 640 3757; baseline -0.01 -18"><span class='ocrx_word' id='word_1_215' title='bbox 228 3744 232 3755; x_wconf 38' lang='lat'>¹</span> <span class='ocrx_word' id='word_1_216' title='bbox 343 3678 428 3757; x_wconf 85' lang='lat' dir='ltr'><strong>Ergo</strong></span> <span class='ocrx_word' id='word_1_217' title='bbox 446 3678 533 3755; x_wconf 87' lang='lat' dir='ltr'><strong>jussa</strong></span> <span class='ocrx_word' id='word_1_218' title='bbox 546 3685 640 3756; x_wconf 87' lang='lat' dir='ltr'><strong>parat.</strong></span> 
     </span>
    </p>
   </div>
   <div class='ocr_carea' id='block_1_5' title="bbox 273 3769 1331 4415">
    <p class='ocr_par' dir='ltr' id='par_1_5' title="bbox 273 3769 1108 3850">
     <span class='ocr_line' id='line_1_35' title="bbox 273 3769 1108 3850; baseline 0.001 -19"><span class='ocrx_word' id='word_1_219' title='bbox 273 3785 281 3796; x_wconf 84' lang='lat'><strong>·</strong></span> <span class='ocrx_word' id='word_1_220' title='bbox 307 3793 342 3810; x_wconf 70' lang='lat'><strong>·‘</strong></span> <span class='ocrx_word' id='word_1_221' title='bbox 382 3773 423 3832; x_wconf 87' lang='lat' dir='ltr'><strong>At</strong></span> <span class='ocrx_word' id='word_1_222' title='bbox 436 3771 552 3850; x_wconf 80' lang='lat' dir='ltr'><strong>regina,</strong></span> <span class='ocrx_word' id='word_1_223' title='bbox 570 3769 645 3849; x_wconf 72' lang='lat' dir='ltr'><strong>pyrd</strong></span> <span class='ocrx_word' id='word_1_224' title='bbox 658 3769 804 3848; x_wconf 86' lang='lat' dir='ltr'><strong>penetrali</strong></span> <span class='ocrx_word' id='word_1_225' title='bbox 818 3771 848 3828; x_wconf 90' lang='lat' dir='ltr'><strong>in</strong></span> <span class='ocrx_word' id='word_1_226' title='bbox 862 3771 933 3830; x_wconf 89' lang='lat' dir='ltr'><strong>sede</strong></span> <span class='ocrx_word' id='word_1_227' title='bbox 947 3774 1003 3830; x_wconf 89' lang='lat' dir='ltr'><strong>sub</strong></span> <span class='ocrx_word' id='word_1_228' title='bbox 1017 3791 1108 3832; x_wconf 88' lang='lat' dir='ltr'><strong>auras</strong></span> 
     </span>
    </p>

    <p class='ocr_par' dir='ltr' id='par_1_6' title="bbox 342 3863 1331 4034">
     <span class='ocr_line' id='line_1_36' title="bbox 342 3863 1331 3944; baseline 0.004 -21"><span class='ocrx_word' id='word_1_229' title='bbox 342 3865 455 3924; x_wconf 73' lang='lat' dir='ltr'><strong>Ereotb</strong></span> <span class='ocrx_word' id='word_1_230' title='bbox 470 3865 592 3944; x_wconf 80' lang='lat' dir='ltr'><strong>ingenti,</strong></span> <span class='ocrx_word' id='word_1_231' title='bbox 609 3865 695 3923; x_wconf 80' lang='lat' dir='ltr'><strong>toedis</strong></span> <span class='ocrx_word' id='word_1_232' title='bbox 709 3873 798 3941; x_wconf 86' lang='lat' dir='ltr'><strong>atque</strong></span> <span class='ocrx_word' id='word_1_233' title='bbox 812 3865 880 3923; x_wconf 87' lang='lat' dir='ltr'><strong>ilice</strong></span> <span class='ocrx_word' id='word_1_234' title='bbox 894 3863 990 3938; x_wconf 66' lang='lat' dir='ltr'><strong>secti,</strong></span> <span class='ocrx_word' id='word_1_235' title='bbox 1271 3867 1331 3927; x_wconf 87' lang='grc'><strong>505</strong></span> 
     </span>
     <span class='ocr_line' id='line_1_37' title="bbox 342 3957 1061 4034; baseline 0.004 -18"><span class='ocrx_word' id='word_1_236' title='bbox 342 3957 531 4034; x_wconf 89' lang='lat' dir='ltr'><strong>Intenditque</strong></span> <span class='ocrx_word' id='word_1_237' title='bbox 545 3959 643 4017; x_wconf 89' lang='lat' dir='ltr'><strong>loeum</strong></span> <span class='ocrx_word' id='word_1_238' title='bbox 657 3958 757 4029; x_wconf 86' lang='lat' dir='ltr'><strong>sertis,</strong></span> <span class='ocrx_word' id='word_1_239' title='bbox 773 3967 803 4016; x_wconf 90' lang='lat' dir='ltr'><strong>et</strong></span> <span class='ocrx_word' id='word_1_240' title='bbox 818 3958 922 4018; x_wconf 90' lang='lat' dir='ltr'><strong>fronde</strong></span> <span class='ocrx_word' id='word_1_241' title='bbox 936 3968 1061 4019; x_wconf 85' lang='lat' dir='ltr'><strong>coronat</strong></span> 
     </span>
    </p>

    <p class='ocr_par' dir='ltr' id='par_1_7' title="bbox 341 4053 1103 4132">
     <span class='ocr_line' id='line_1_38' title="bbox 341 4053 1103 4132; baseline 0.004 -21"><span class='ocrx_word' id='word_1_242' title='bbox 341 4053 502 4114; x_wconf 73' lang='lat' dir='ltr'><strong>Funerei:</strong></span> <span class='ocrx_word' id='word_1_243' title='bbox 526 4072 617 4132; x_wconf 87' lang='lat' dir='ltr'><strong>super</strong></span> <span class='ocrx_word' id='word_1_244' title='bbox 628 4054 762 4126; x_wconf 84' lang='lat' dir='ltr'><strong>exuvias,</strong></span> <span class='ocrx_word' id='word_1_245' title='bbox 779 4073 942 4131; x_wconf 89' lang='lat' dir='ltr'><strong>ensemque</strong></span> <span class='ocrx_word' id='word_1_246' title='bbox 954 4056 1103 4129; x_wconf 88' lang='lat' dir='ltr'><strong>relictum,</strong></span> 
     </span>
    </p>

    <p class='ocr_par' dir='ltr' id='par_1_8' title="bbox 340 4146 1052 4228">
     <span class='ocr_line' id='line_1_39' title="bbox 340 4146 1052 4228; baseline 0.003 -22"><span class='ocrx_word' id='word_1_247' title='bbox 340 4146 540 4224; x_wconf 87' lang='lat' dir='ltr'><strong>Effigiemque</strong></span> <span class='ocrx_word' id='word_1_248' title='bbox 553 4155 618 4205; x_wconf 90' lang='lat' dir='ltr'><strong>toro</strong></span> <span class='ocrx_word' id='word_1_249' title='bbox 632 4148 721 4220; x_wconf 89' lang='lat' dir='ltr'><strong>locat,</strong></span> <span class='ocrx_word' id='word_1_250' title='bbox 737 4148 819 4206; x_wconf 89' lang='lat' dir='ltr'><strong>haud</strong></span> <span class='ocrx_word' id='word_1_251' title='bbox 832 4149 940 4228; x_wconf 86' lang='lat' dir='ltr'><strong>ignara</strong></span> <span class='ocrx_word' id='word_1_252' title='bbox 952 4149 1052 4208; x_wconf 87' lang='lat' dir='ltr'><strong>futuri.</strong></span> 
     </span>
    </p>

    <p class='ocr_par' dir='ltr' id='par_1_9' title="bbox 341 4240 1086 4310">
     <span class='ocr_line' id='line_1_40' title="bbox 341 4240 1086 4310; baseline 0.005 -12"><span class='ocrx_word' id='word_1_253' title='bbox 341 4241 426 4299; x_wconf 84' lang='lat' dir='ltr'><strong>Stant</strong></span> <span class='ocrx_word' id='word_1_254' title='bbox 440 4258 500 4299; x_wconf 73' lang='lat' dir='ltr'><strong>arte</strong></span> <span class='ocrx_word' id='word_1_255' title='bbox 516 4240 629 4299; x_wconf 73' lang='lat' dir='ltr'><strong>circum</strong></span> <span class='ocrx_word' id='word_1_256' title='bbox 643 4260 650 4310; x_wconf 89' lang='lat'>;</span> <span class='ocrx_word' id='word_1_257' title='bbox 675 4249 704 4298; x_wconf 93' lang='lat' dir='ltr'><strong>et</strong></span> <span class='ocrx_word' id='word_1_258' title='bbox 719 4242 819 4301; x_wconf 86' lang='lat' dir='ltr'><strong>crines</strong></span> <span class='ocrx_word' id='word_1_259' title='bbox 832 4242 930 4300; x_wconf 82' lang='lat' dir='ltr'><strong>effusa</strong></span> <span class='ocrx_word' id='word_1_260' title='bbox 943 4242 1086 4302; x_wconf 88' lang='lat' dir='ltr'><strong>sacerdos</strong></span> 
     </span>
    </p>

    <p class='ocr_par' dir='ltr' id='par_1_10' title="bbox 338 4333 1331 4415">
     <span class='ocr_line' id='line_1_41' title="bbox 338 4333 1331 4415; baseline 0.005 -23"><span class='ocrx_word' id='word_1_261' title='bbox 338 4333 402 4393; x_wconf 84' lang='lat' dir='ltr'><strong>Ter</strong></span> <span class='ocrx_word' id='word_1_262' title='bbox 415 4339 535 4393; x_wconf 89' lang='lat' dir='ltr'><strong>centum</strong></span> <span class='ocrx_word' id='word_1_263' title='bbox 548 4341 632 4392; x_wconf 87' lang='lat' dir='ltr'><strong>tonat</strong></span> <span class='ocrx_word' id='word_1_264' title='bbox 645 4355 698 4392; x_wconf 89' lang='lat' dir='ltr'><strong>ore</strong></span> <span class='ocrx_word' id='word_1_265' title='bbox 713 4333 796 4407; x_wconf 88' lang='lat' dir='ltr'><strong>deos,</strong></span> <span class='ocrx_word' id='word_1_266' title='bbox 811 4335 1018 4412; x_wconf 83' lang='lat' dir='ltr'><strong>Erebumque,</strong></span> <span class='ocrx_word' id='word_1_267' title='bbox 1033 4335 1209 4415; x_wconf 86' lang='lat' dir='ltr'><strong>Chaosque,</strong></span> <span class='ocrx_word' id='word_1_268' title='bbox 1270 4337 1331 4398; x_wconf 89' lang='grc'><strong>510</strong></span> 
     </span>
    </p>
   </div>
   <div class='ocr_carea' id='block_1_6' title="bbox 0 0 1588 5234">
    <p class='ocr_par' dir='ltr' id='par_1_11' title="bbox 0 0 1588 5234">
     <span class='ocr_line' id='line_1_42' title="bbox 0 0 1588 5234; baseline 0 5"><span class='ocrx_word' id='word_1_269' title='bbox 0 0 1588 5234; x_wconf 95' lang='lat' dir='ltr'><strong> </strong></span> 
     </span>
    </p>
   </div>
  </div>
 </body>
</html>
