3167 5234
356 550 413 614 lut
640 549 667 597 r.
685 545 851 595 vraornn
872 533 1045 598 nunonis

244 756 251 763 ⁶
352 688 481 748 Sinulla
495 686 630 747 accendit
643 696 794 745 tantarum
808 688 904 767 gloria
917 706 1028 759 rerum,

351 781 420 842 Nec
434 802 525 859 super
537 782 600 859 ipse
615 779 672 839 sud
685 782 803 839 molitur
817 782 904 840 laude
919 782 1052 841 laborem
1066 796 1074 850 ι

351 876 523 934 Ascanione
537 882 623 952 pater
636 874 791 933 Romanas
805 874 915 933 invidet
929 894 1016 933 arces
1030 873 1041 929 i

353 968 434 1036 Quid
448 968 534 1026 struit
548 968 559 1023 ?
580 974 631 1025 aut
647 964 707 1043 qud
721 984 773 1045 spe
787 967 906 1025 inimici
920 968 949 1025 in
964 972 1210 1045 gemmantur,
1278 968 1339 1028 286

350 1060 420 1121 Nec
433 1063 546 1138 prolem
559 1060 723 1119 Ausoniam
737 1066 766 1118 et
779 1058 906 1119 Lavinia
921 1060 1042 1138 respicit
1056 1070 1129 1119 arva
1143 1060 1155 1118 ἒ

351 1152 482 1233 Naviget
496 1173 504 1224 ;
526 1154 592 1213 haec
606 1170 721 1211 summa
734 1162 801 1211 est:
823 1154 872 1211 hic
886 1154 979 1212 nostri
993 1154 1112 1212 nuntius
1126 1160 1203 1213 esto.

390 1246 526 1306 Dixerat.
569 1246 624 1304 Ille
638 1246 738 1305 Patris
750 1247 851 1325 magni
866 1263 971 1324 parere
986 1249 1110 1325 parabat

351 1340 500 1419 Imperio:
522 1349 552 1398 at
566 1340 691 1417 primimr
705 1340 830 1417 pedibus
843 1340 952 1398 talaria
964 1340 1056 1399 nectit

350 1435 465 1505 Aurea,
481 1444 548 1511 quae
562 1433 717 1493 sublimem
733 1433 798 1504 alis,
816 1434 878 1491 sive
893 1452 1016 1509 oequora
1029 1450 1130 1510 supra,
1278 1434 1341 1494 240

351 1530 412 1589 Seu
426 1538 548 1601 terram,
565 1528 669 1606 rapido
683 1529 794 1606 pariter
807 1548 876 1586 cum
890 1529 1006 1587 flamine
1020 1536 1146 1606 portant.

350 1621 430 1682 Tum
444 1622 559 1701 virgam
572 1623 671 1700 capit:
694 1620 752 1680 hdo
767 1623 881 1680 animas
896 1622 945 1679 llle
961 1630 1065 1680 evocat
1077 1621 1159 1681 Orco

351 1714 513 1787 Pallentes,
530 1706 605 1774 alias
619 1716 674 1774 suh
687 1715 819 1774 Tartara
831 1716 928 1773 tristia
942 1716 1029 1773 mittit
1044 1734 1051 1784 3

350 1807 414 1867 Dat
428 1827 547 1866 somnos
560 1807 732 1884 adimitque,
748 1815 778 1866 et
793 1808 902 1867 lumina
916 1816 1011 1867 morte
1025 1809 1158 1887 resignat
1172 1827 1179 1866 τ

351 1898 411 1960 lua
424 1901 518 1960 l‘retus
533 1900 594 1979 agit
609 1910 724 1973 ventos,
740 1905 770 1959 et
783 1902 902 1959 turbida
914 1908 1013 1959 tranat
1281 1904 1342 1963 246

351 1993 473 2054 Nubila.
515 1994 644 2071 Jamque
658 1994 762 2053 volans
776 1995 892 2072 apicem
906 2002 936 2053 et
950 1996 1046 2053 latera
1059 1994 1154 2055 ardua
1166 1996 1262 2056 cernit

352 2088 572 2159 Atlantiadum,
589 2088 699 2146 coelum
713 2088 764 2163 qui
777 2088 891 2147 vertice
905 2088 1008 2158 sulclt;

325 2183 330 2203 ¹
352 2182 492 2252 Atlantis,
506 2180 637 2240 cinctum
651 2181 770 2240 midos
785 2182 835 2239 cui
848 2182 977 2240 nubibus
991 2181 1063 2241 atris

351 2274 515 2335 Piniferum
529 2282 619 2353 caput
632 2281 662 2332 et
675 2284 763 2333 vento
778 2275 914 2351 pulsatur
926 2282 956 2334 et
971 2275 1076 2333 imbri:

351 2364 381 2429 N
384 2368 413 2427 ix
426 2369 565 2427 humeros
579 2368 678 2427 inlusa
690 2370 764 2447 tegit
779 2389 786 2439 ;
810 2377 872 2428 tum
887 2368 1008 2427 flumina
1021 2374 1119 2427 mento
1280 2370 1342 2429 abo

351 2461 544 2540 Praecipitant
557 2461 649 2534 senis,
664 2468 695 2520 et
708 2462 805 2541 glacie
819 2462 897 2540 riget
911 2462 1031 2521 horrida
1044 2463 1148 2521 barba.

351 2553 415 2613 Hic
429 2555 554 2632 primhm
568 2556 689 2633 paribus
702 2556 801 2615 nitens
815 2552 973 2633 Cyllenius
989 2555 1045 2614 alis

353 2647 515 2708 Constitit:
538 2649 606 2708 hino
619 2656 682 2708 toto
697 2668 831 2728 praeceps
845 2668 879 2707 ae
893 2668 1017 2727 corpora
1032 2650 1071 2709 ad
1084 2650 1179 2709 undas

350 2739 435 2800 Misit
449 2762 457 2811 ;
469 2742 530 2801 »evi
542 2743 656 2815 similis,
673 2761 740 2820 quta
754 2743 868 2802 circum
882 2730 992 2816 littura,
1008 2743 1121 2803 circum

351 2833 493 2894 Plscosos
506 2835 656 2912 scopulos,
671 2836 790 2895 humilis
804 2837 883 2895 volat
898 2855 1020 2912 aequora
1036 2838 1131 2913 juxta
1281 2834 1341 2896 255

350 2925 445 2985 Haud
461 2928 548 2986 aliter
561 2935 659 2986 terras
673 2928 751 2987 inter
762 2930 932 3007 coelumque
948 2930 1067 2989 volabat

350 3018 450 3079 Littus
464 3039 623 3079 arenosam
635 3018 672 3078 ad
686 3022 802 3100 Libyae,
818 3030 983 3100 ventosque
997 3024 1121 3083 secabat

350 3110 492 3172 Materno
505 3114 629 3173 veniens
643 3116 681 3172 ah
695 3131 751 3174 avo
764 3117 906 3194 Cyllenia
923 3116 1032 3195 proles.

330 3194 334 3204 ’
390 3205 432 3266 Ut
446 3206 571 3286 primhm
585 3208 673 3266 alatis
686 3209 783 3287 tetigit
798 3211 927 3289 magalia
946 3211 1063 3288 plantis,

352 3293 477 3361 AEueau
491 3301 662 3360 fundantem
676 3322 764 3361 arces
777 3322 814 3362 ac
828 3313 908 3365 tecta
922 3312 1080 3364 novantem
1281 3302 1341 3366 200

320 3448 324 3453 .
352 3393 508 3472 Conspicit
520 3414 528 3464 ;
552 3403 642 3472 atque
655 3396 699 3454 illi
712 3396 847 3455 stellatus
861 3397 973 3475 iaspide
987 3397 1071 3457 fulvii

350 3486 443 3547 Ensis
456 3495 532 3560 erat,
547 3486 700 3566 Tyrioque
715 3490 839 3548 ardebat
853 3490 966 3549 murice
977 3491 1056 3549 laena

351 3578 493 3639 Demissa
505 3599 543 3639 ex
556 3580 688 3640 humeris
701 3600 709 3652 ;
733 3582 816 3641 dives
831 3602 898 3658 quse
912 3602 1037 3643 munera
1050 3582 1130 3644 Dido

351 3674 492 3747 Fecerat,
510 3679 539 3734 et
551 3675 635 3734 tenui
648 3676 726 3735 telas
740 3676 922 3735 discreverat
941 3695 1023 3737 auro.

352 3766 503 3828 Continud
518 3769 650 3828 invadit:
672 3768 722 3828 Tu
736 3789 816 3828 nunc
831 3769 1025 3849 Carthaginis
1040 3772 1107 3831 altar
1278 3772 1339 3831 aab

350 3860 558 3921 Fundamenta
573 3862 668 3935 locas,
684 3864 899 3941 pulchramque
914 3866 1034 3923 uxorius
1049 3867 1153 3925 urbem

351 3952 492 4014 Exstruie
506 3955 516 4012 l
537 3956 617 4015 heu!
638 3951 725 4035 regni
737 3976 898 4034 rerumque
912 3958 1002 4017 oblite
1016 3961 1155 4017 tuarum!

352 4046 422 4125 lpse
437 4046 525 4107 deum
537 4050 590 4108 tibi
603 4067 651 4108 me
665 4052 748 4110 claro
762 4051 887 4109 demittit
904 4052 1031 4129 Olympo

351 4140 519 4219 Regnator,
536 4142 646 4229 coelum
660 4153 688 4202 et
701 4152 799 4203 terras
813 4146 864 4221 qui
878 4147 997 4204 numine
1011 4150 1130 4222 torquet
1145 4164 1153 4216 3

352 4230 422 4310 Ipsa
435 4234 502 4292 brac
514 4235 593 4294 ferra
609 4236 695 4312 jubet
709 4238 826 4296 celeres
839 4238 980 4298 mandata
993 4259 1046 4317 per
1060 4257 1149 4297 auras
1162 4256 1170 4296 t
1280 4228 1340 4297 ΗΟ

353 4326 435 4394 Quid
448 4328 562 4386 struis?
583 4337 635 4387 aut
650 4328 709 4406 qud
722 4350 775 4409 spe
787 4330 913 4409 Libycis
926 4332 998 4391 teris
1012 4334 1074 4392 otia
1086 4332 1176 4391 terris
1191 4330 1203 4387 ἓ
