<?xml version="1.0" encoding="UTF-8"?>
<!DOCTYPE html PUBLIC "-//W3C//DTD XHTML 1.0 Transitional//EN"
    "http://www.w3.org/TR/xhtml1/DTD/xhtml1-transitional.dtd">
<html xmlns="http://www.w3.org/1999/xhtml" xml:lang="en" lang="en">
 <head>
  <title>
</title>
<meta http-equiv="Content-Type" content="text/html;charset=utf-8" />
  <meta name='ocr-system' content='tesseract 3.04.00' />
  <meta name='ocr-capabilities' content='ocr_page ocr_carea ocr_par ocr_line ocrx_word'/>
</head>
<body>
  <div class='ocr_page' id='page_1' title='image "./pvirgiliimaroni01bowegoog/pvirgiliimaroni01bowegoog_0163.png"; bbox 0 0 3167 5234; ppageno 0'>
   <div class='ocr_carea' id='block_1_1' title="bbox 616 546 1268 647">
    <p class='ocr_par' dir='ltr' id='par_1_1' title="bbox 616 546 1268 647">
     <span class='ocr_line' id='line_1_1' title="bbox 616 546 1268 647; baseline 0.032 -29"><span class='ocrx_word' id='word_1_1' title='bbox 616 546 791 620; x_wconf 73' lang='lat' dir='ltr'><strong>euersos</strong></span> <span class='ocrx_word' id='word_1_2' title='bbox 810 574 939 647; x_wconf 80' lang='lat' dir='ltr'><strong>nra1v.</strong></span> <span class='ocrx_word' id='word_1_3' title='bbox 1218 584 1268 640; x_wconf 79' lang='lat'><strong>161</strong></span> 
     </span>
    </p>
   </div>
   <div class='ocr_carea' id='block_1_2' title="bbox 211 709 1292 4504">
    <p class='ocr_par' dir='ltr' id='par_1_2' title="bbox 211 709 1292 4504">
     <span class='ocr_line' id='line_1_2' title="bbox 290 709 1134 793; baseline -0.001 -18"><span class='ocrx_word' id='word_1_4' title='bbox 290 711 561 793; x_wconf 77' lang='lat' dir='ltr'><strong>Tergeminamque</strong></span> <span class='ocrx_word' id='word_1_5' title='bbox 576 709 725 782; x_wconf 88' lang='lat' dir='ltr'><strong>Hecaten,</strong></span> <span class='ocrx_word' id='word_1_6' title='bbox 740 711 800 770; x_wconf 87' lang='lat' dir='ltr'><strong>tria</strong></span> <span class='ocrx_word' id='word_1_7' title='bbox 813 711 936 790; x_wconf 78' lang='lat' dir='ltr'><strong>virginis</strong></span> <span class='ocrx_word' id='word_1_8' title='bbox 948 731 1003 771; x_wconf 86' lang='lat' dir='ltr'><strong>ors</strong></span> <span class='ocrx_word' id='word_1_9' title='bbox 1015 712 1134 774; x_wconf 74' lang='lat' dir='ltr'><strong>Dianas.</strong></span> 
     </span>
     <span class='ocr_line' id='line_1_3' title="bbox 291 803 1013 886; baseline -0.004 -18"><span class='ocrx_word' id='word_1_10' title='bbox 291 811 445 886; x_wconf 73' lang='lat' dir='ltr'><strong>Sparserat</strong></span> <span class='ocrx_word' id='word_1_11' title='bbox 460 815 489 862; x_wconf 88' lang='lat' dir='ltr'><strong>et</strong></span> <span class='ocrx_word' id='word_1_12' title='bbox 502 804 608 862; x_wconf 87' lang='lat' dir='ltr'><strong>latices</strong></span> <span class='ocrx_word' id='word_1_13' title='bbox 622 803 775 862; x_wconf 87' lang='lat' dir='ltr'><strong>simulatos</strong></span> <span class='ocrx_word' id='word_1_14' title='bbox 789 805 879 863; x_wconf 83' lang='lat' dir='ltr'><strong>sontis</strong></span> <span class='ocrx_word' id='word_1_15' title='bbox 892 807 1013 865; x_wconf 83' lang='lat' dir='ltr'><strong>Averni.</strong></span> 
     </span>
     <span class='ocr_line' id='line_1_4' title="bbox 288 897 1067 973; baseline -0.003 -13"><span class='ocrx_word' id='word_1_16' title='bbox 288 901 430 960; x_wconf 86' lang='lat' dir='ltr'><strong>Falcibus</strong></span> <span class='ocrx_word' id='word_1_17' title='bbox 444 907 473 956; x_wconf 88' lang='lat' dir='ltr'><strong>et</strong></span> <span class='ocrx_word' id='word_1_18' title='bbox 487 917 593 956; x_wconf 75' lang='lat' dir='ltr'><strong>messe</strong></span> <span class='ocrx_word' id='word_1_19' title='bbox 608 897 645 954; x_wconf 82' lang='lat' dir='ltr'><strong>ad</strong></span> <span class='ocrx_word' id='word_1_20' title='bbox 659 897 759 956; x_wconf 84' lang='lat' dir='ltr'><strong>lunam</strong></span> <span class='ocrx_word' id='word_1_21' title='bbox 775 908 949 973; x_wconf 78' lang='lat' dir='ltr'><strong>queruntur</strong></span> <span class='ocrx_word' id='word_1_22' title='bbox 962 899 1067 958; x_wconf 81' lang='lat' dir='ltr'><strong>altenis</strong></span> 
     </span>
     <span class='ocr_line' id='line_1_5' title="bbox 286 991 963 1068; baseline -0.006 -15"><span class='ocrx_word' id='word_1_23' title='bbox 286 995 439 1053; x_wconf 88' lang='lat' dir='ltr'><strong>Pubentes</strong></span> <span class='ocrx_word' id='word_1_24' title='bbox 453 992 564 1062; x_wconf 82' lang='lat' dir='ltr'><strong>herbar,</strong></span> <span class='ocrx_word' id='word_1_25' title='bbox 580 991 659 1068; x_wconf 80' lang='lat' dir='ltr'><strong>nigri</strong></span> <span class='ocrx_word' id='word_1_26' title='bbox 673 1009 740 1048; x_wconf 89' lang='lat' dir='ltr'><strong>cum</strong></span> <span class='ocrx_word' id='word_1_27' title='bbox 754 991 833 1049; x_wconf 89' lang='lat' dir='ltr'><strong>lacte</strong></span> <span class='ocrx_word' id='word_1_28' title='bbox 848 993 963 1051; x_wconf 89' lang='lat' dir='ltr'><strong>veneni.</strong></span> 
     </span>
     <span class='ocr_line' id='line_1_6' title="bbox 286 1083 1272 1161; baseline -0.001 -16"><span class='ocrx_word' id='word_1_29' title='bbox 286 1087 443 1154; x_wconf 75' lang='lat' dir='ltr'><strong>Quaeritur</strong></span> <span class='ocrx_word' id='word_1_30' title='bbox 455 1093 485 1142; x_wconf 88' lang='lat' dir='ltr'><strong>et</strong></span> <span class='ocrx_word' id='word_1_31' title='bbox 500 1084 650 1142; x_wconf 87' lang='lat' dir='ltr'><strong>nascentia</strong></span> <span class='ocrx_word' id='word_1_32' title='bbox 663 1084 733 1161; x_wconf 88' lang='lat' dir='ltr'><strong>equi</strong></span> <span class='ocrx_word' id='word_1_33' title='bbox 746 1083 783 1142; x_wconf 88' lang='lat' dir='ltr'><strong>de</strong></span> <span class='ocrx_word' id='word_1_34' title='bbox 798 1084 894 1144; x_wconf 73' lang='lat' dir='ltr'><strong>stonte</strong></span> <span class='ocrx_word' id='word_1_35' title='bbox 907 1086 1054 1157; x_wconf 81' lang='lat' dir='ltr'><strong>revulsus,</strong></span> <span class='ocrx_word' id='word_1_36' title='bbox 1212 1087 1272 1144; x_wconf 90' lang='grc'><strong>616</strong></span> 
     </span>
     <span class='ocr_line' id='line_1_7' title="bbox 286 1179 726 1256; baseline -0.009 -16"><span class='ocrx_word' id='word_1_37' title='bbox 286 1180 327 1240; x_wconf 84' lang='lat' dir='ltr'><strong>Et</strong></span> <span class='ocrx_word' id='word_1_38' title='bbox 341 1179 428 1238; x_wconf 89' lang='lat' dir='ltr'><strong>matri</strong></span> <span class='ocrx_word' id='word_1_39' title='bbox 442 1187 617 1256; x_wconf 72' lang='lat' dir='ltr'><strong>prereptus,</strong></span> <span class='ocrx_word' id='word_1_40' title='bbox 634 1197 726 1236; x_wconf 87' lang='lat' dir='ltr'><strong>amor.</strong></span> 
     </span>
     <span class='ocr_line' id='line_1_8' title="bbox 287 1271 984 1350; baseline 0.001 -19"><span class='ocrx_word' id='word_1_41' title='bbox 287 1272 368 1350; x_wconf 89' lang='lat' dir='ltr'><strong>lpsa,</strong></span> <span class='ocrx_word' id='word_1_42' title='bbox 385 1272 463 1330; x_wconf 76' lang='lat' dir='ltr'><strong>molal</strong></span> <span class='ocrx_word' id='word_1_43' title='bbox 476 1271 671 1346; x_wconf 83' lang='lat' dir='ltr'><strong>manibusque</strong></span> <span class='ocrx_word' id='word_1_44' title='bbox 684 1271 750 1348; x_wconf 90' lang='lat' dir='ltr'><strong>piis,</strong></span> <span class='ocrx_word' id='word_1_45' title='bbox 767 1272 874 1330; x_wconf 87' lang='lat' dir='ltr'><strong>altaria</strong></span> <span class='ocrx_word' id='word_1_46' title='bbox 887 1272 984 1348; x_wconf 85' lang='lat' dir='ltr'><strong>juxta,</strong></span> 
     </span>
     <span class='ocr_line' id='line_1_9' title="bbox 286 1357 1155 1441; baseline 0.003 -17"><span class='ocrx_word' id='word_1_47' title='bbox 286 1364 385 1424; x_wconf 89' lang='lat' dir='ltr'><strong>Unum</strong></span> <span class='ocrx_word' id='word_1_48' title='bbox 399 1373 489 1423; x_wconf 86' lang='lat' dir='ltr'><strong>exuta</strong></span> <span class='ocrx_word' id='word_1_49' title='bbox 501 1363 606 1441; x_wconf 86' lang='lat' dir='ltr'><strong>pedem</strong></span> <span class='ocrx_word' id='word_1_50' title='bbox 619 1363 734 1436; x_wconf 88' lang='lat' dir='ltr'><strong>vinclis,</strong></span> <span class='ocrx_word' id='word_1_51' title='bbox 751 1365 781 1422; x_wconf 90' lang='lat' dir='ltr'><strong>in</strong></span> <span class='ocrx_word' id='word_1_52' title='bbox 795 1374 879 1423; x_wconf 88' lang='lat' dir='ltr'><strong>veste</strong></span> <span class='ocrx_word' id='word_1_53' title='bbox 891 1365 1038 1439; x_wconf 65' lang='lat' dir='ltr'><strong>recincta,</strong></span> <span class='ocrx_word' id='word_1_54' title='bbox 1151 1357 1155 1366; x_wconf 66' lang='lat'><em>„</em></span> 
     </span>
     <span class='ocr_line' id='line_1_10' title="bbox 211 1459 929 1530; baseline 0.001 -12"><span class='ocrx_word' id='word_1_55' title='bbox 211 1509 216 1528; x_wconf 87' lang='grc'>,</span> <span class='ocrx_word' id='word_1_56' title='bbox 285 1459 428 1518; x_wconf 75' lang='lat' dir='ltr'>Testatur</span> <span class='ocrx_word' id='word_1_57' title='bbox 442 1460 584 1518; x_wconf 87' lang='lat' dir='ltr'><strong>moritura</strong></span> <span class='ocrx_word' id='word_1_58' title='bbox 597 1459 680 1530; x_wconf 85' lang='lat' dir='ltr'><strong>deos,</strong></span> <span class='ocrx_word' id='word_1_59' title='bbox 696 1466 725 1517; x_wconf 90' lang='lat' dir='ltr'><strong>et</strong></span> <span class='ocrx_word' id='word_1_60' title='bbox 739 1461 863 1519; x_wconf 82' lang='lat' dir='ltr'><strong>conscia</strong></span> <span class='ocrx_word' id='word_1_61' title='bbox 875 1461 929 1520; x_wconf 88' lang='lat' dir='ltr'><strong>sati</strong></span> 
     </span>
     <span class='ocr_line' id='line_1_11' title="bbox 289 1552 1270 1628; baseline 0.001 -17"><span class='ocrx_word' id='word_1_62' title='bbox 289 1553 410 1611; x_wconf 84' lang='lat' dir='ltr'><strong>Sidera:</strong></span> <span class='ocrx_word' id='word_1_63' title='bbox 433 1561 505 1622; x_wconf 89' lang='lat' dir='ltr'><strong>tum,</strong></span> <span class='ocrx_word' id='word_1_64' title='bbox 521 1552 546 1610; x_wconf 87' lang='lat' dir='ltr'><strong>si</strong></span> <span class='ocrx_word' id='word_1_65' title='bbox 562 1552 712 1628; x_wconf 57' lang='lat' dir='ltr'><strong>quod‘non</strong></span> <span class='ocrx_word' id='word_1_66' title='bbox 728 1571 815 1628; x_wconf 71' lang='lat' dir='ltr'><strong>atquo</strong></span> <span class='ocrx_word' id='word_1_67' title='bbox 828 1553 942 1612; x_wconf 81' lang='lat' dir='ltr'><strong>l‘oedere</strong></span> <span class='ocrx_word' id='word_1_68' title='bbox 960 1563 1093 1616; x_wconf 84' lang='lat' dir='ltr'><strong>amantes</strong></span> <span class='ocrx_word' id='word_1_69' title='bbox 1210 1555 1270 1612; x_wconf 74' lang='lat'><strong>520</strong></span> 
     </span>
     <span class='ocr_line' id='line_1_12' title="bbox 288 1644 1157 1725; baseline 0.001 -20"><span class='ocrx_word' id='word_1_70' title='bbox 288 1645 379 1705; x_wconf 81' lang='lat' dir='ltr'><strong>Curae</strong></span> <span class='ocrx_word' id='word_1_71' title='bbox 392 1664 501 1703; x_wconf 86' lang='lat' dir='ltr'><strong>numen</strong></span> <span class='ocrx_word' id='word_1_72' title='bbox 515 1645 604 1702; x_wconf 86' lang='lat' dir='ltr'><strong>hebet</strong></span> <span class='ocrx_word' id='word_1_73' title='bbox 621 1644 795 1721; x_wconf 86' lang='lat' dir='ltr'><strong>justumque</strong></span> <span class='ocrx_word' id='word_1_74' title='bbox 809 1665 991 1723; x_wconf 79' lang='lat' dir='ltr'>memorque,</span> <span class='ocrx_word' id='word_1_75' title='bbox 1008 1658 1157 1725; x_wconf 86' lang='lat' dir='ltr'><strong>precatur.</strong></span> 
     </span>
     <span class='ocr_line' id='line_1_13' title="bbox 324 1736 1113 1818; baseline 0.004 -21"><span class='ocrx_word' id='word_1_76' title='bbox 324 1739 392 1798; x_wconf 86' lang='lat' dir='ltr'><strong>Nox</strong></span> <span class='ocrx_word' id='word_1_77' title='bbox 406 1747 481 1818; x_wconf 79' lang='lat' dir='ltr'><strong>erat,</strong></span> <span class='ocrx_word' id='word_1_78' title='bbox 497 1747 527 1795; x_wconf 86' lang='lat' dir='ltr'><strong>et</strong></span> <span class='ocrx_word' id='word_1_79' title='bbox 541 1736 687 1814; x_wconf 89' lang='lat' dir='ltr'><strong>placidum</strong></span> <span class='ocrx_word' id='word_1_80' title='bbox 702 1740 865 1815; x_wconf 72' lang='lat' dir='ltr'><strong>carpebant</strong></span> <span class='ocrx_word' id='word_1_81' title='bbox 878 1740 959 1798; x_wconf 84' lang='lat' dir='ltr'><strong>fessa</strong></span> <span class='ocrx_word' id='word_1_82' title='bbox 976 1760 1113 1818; x_wconf 87' lang='lat' dir='ltr'><strong>soporem</strong></span> 
     </span>
     <span class='ocr_line' id='line_1_14' title="bbox 287 1831 1078 1910; baseline 0.005 -19"><span class='ocrx_word' id='word_1_83' title='bbox 287 1831 422 1910; x_wconf 80' lang='lat' dir='ltr'><strong>Corpora</strong></span> <span class='ocrx_word' id='word_1_84' title='bbox 436 1851 490 1909; x_wconf 90' lang='lat' dir='ltr'><strong>per</strong></span> <span class='ocrx_word' id='word_1_85' title='bbox 502 1839 599 1890; x_wconf 85' lang='lat' dir='ltr'><strong>terras</strong></span> <span class='ocrx_word' id='word_1_86' title='bbox 613 1850 620 1900; x_wconf 90' lang='grc'><strong>;</strong></span> <span class='ocrx_word' id='word_1_87' title='bbox 645 1831 787 1908; x_wconf 76' lang='lat' dir='ltr'><strong>silvaeque</strong></span> <span class='ocrx_word' id='word_1_88' title='bbox 802 1841 832 1891; x_wconf 89' lang='lat' dir='ltr'><strong>et</strong></span> <span class='ocrx_word' id='word_1_89' title='bbox 845 1853 927 1893; x_wconf 78' lang='lat' dir='ltr'><strong>saeva</strong></span> <span class='ocrx_word' id='word_1_90' title='bbox 941 1832 1078 1910; x_wconf 68' lang='lat' dir='ltr'><strong>quierant</strong></span> 
     </span>
     <span class='ocr_line' id='line_1_15' title="bbox 283 1923 1072 2005; baseline 0.003 -19"><span class='ocrx_word' id='word_1_91' title='bbox 283 1925 424 2001; x_wconf 77' lang='lat' dir='ltr'><strong>AEquora</strong></span> <span class='ocrx_word' id='word_1_92' title='bbox 438 1943 445 1994; x_wconf 89' lang='grc'><strong>;</strong></span> <span class='ocrx_word' id='word_1_93' title='bbox 466 1943 557 2001; x_wconf 88' lang='lat' dir='ltr'><strong>quum</strong></span> <span class='ocrx_word' id='word_1_94' title='bbox 569 1923 666 1982; x_wconf 89' lang='lat' dir='ltr'><strong>medio</strong></span> <span class='ocrx_word' id='word_1_95' title='bbox 681 1925 839 1985; x_wconf 87' lang='lat' dir='ltr'><strong>volvuntur</strong></span> <span class='ocrx_word' id='word_1_96' title='bbox 851 1927 952 1985; x_wconf 86' lang='lat' dir='ltr'><strong>sidera</strong></span> <span class='ocrx_word' id='word_1_97' title='bbox 964 1929 1050 2005; x_wconf 87' lang='lat' dir='ltr'><strong>lapsu</strong></span> <span class='ocrx_word' id='word_1_98' title='bbox 1065 1948 1072 1998; x_wconf 87' lang='lat'>3</span> 
     </span>
     <span class='ocr_line' id='line_1_16' title="bbox 284 2019 1267 2100; baseline 0.006 -22"><span class='ocrx_word' id='word_1_99' title='bbox 284 2019 385 2088; x_wconf 79' lang='lat' dir='ltr'><strong>Quum</strong></span> <span class='ocrx_word' id='word_1_100' title='bbox 397 2027 478 2078; x_wconf 88' lang='lat' dir='ltr'><strong>tacet</strong></span> <span class='ocrx_word' id='word_1_101' title='bbox 492 2021 585 2078; x_wconf 88' lang='lat' dir='ltr'><strong>omnis</strong></span> <span class='ocrx_word' id='word_1_102' title='bbox 600 2037 674 2097; x_wconf 75' lang='lat' dir='ltr'><strong>ager</strong></span> <span class='ocrx_word' id='word_1_103' title='bbox 687 2041 694 2089; x_wconf 85' lang='lat'>3</span> <span class='ocrx_word' id='word_1_104' title='bbox 719 2021 860 2098; x_wconf 84' lang='lat' dir='ltr'><strong>pecudes¹</strong></span> <span class='ocrx_word' id='word_1_105' title='bbox 877 2023 1024 2100; x_wconf 75' lang='lat' dir='ltr'><strong>pictaeque</strong></span> <span class='ocrx_word' id='word_1_106' title='bbox 1035 2024 1184 2096; x_wconf 83' lang='lat' dir='ltr'><strong>volucres,</strong></span> <span class='ocrx_word' id='word_1_107' title='bbox 1207 2025 1267 2084; x_wconf 76' lang='lat'><strong>525</strong></span> 
     </span>
     <span class='ocr_line' id='line_1_17' title="bbox 285 2113 1167 2193; baseline 0.005 -21"><span class='ocrx_word' id='word_1_108' title='bbox 285 2113 422 2190; x_wconf 76' lang='lat' dir='ltr'><strong>Quaeque</strong></span> <span class='ocrx_word' id='word_1_109' title='bbox 436 2114 521 2172; x_wconf 85' lang='lat' dir='ltr'><strong>lacus</strong></span> <span class='ocrx_word' id='word_1_110' title='bbox 534 2113 593 2172; x_wconf 74' lang='lat' dir='ltr'><strong>tate</strong></span> <span class='ocrx_word' id='word_1_111' title='bbox 608 2113 745 2190; x_wconf 89' lang='lat' dir='ltr'><strong>liquidos,</strong></span> <span class='ocrx_word' id='word_1_112' title='bbox 762 2133 890 2190; x_wconf 76' lang='lat' dir='ltr'><strong>quasque</strong></span> <span class='ocrx_word' id='word_1_113' title='bbox 904 2135 1012 2193; x_wconf 86' lang='lat' dir='ltr'><strong>aspera</strong></span> <span class='ocrx_word' id='word_1_114' title='bbox 1025 2117 1122 2176; x_wconf 87' lang='lat' dir='ltr'><strong>dumis</strong></span> <span class='ocrx_word' id='word_1_115' title='bbox 1161 2143 1167 2150; x_wconf 90' lang='lat'><strong>·</strong></span> 
     </span>
     <span class='ocr_line' id='line_1_18' title="bbox 284 2205 1014 2284; baseline 0.005 -20"><span class='ocrx_word' id='word_1_116' title='bbox 284 2205 369 2265; x_wconf 82' lang='lat' dir='ltr'><strong>Rura</strong></span> <span class='ocrx_word' id='word_1_117' title='bbox 382 2215 494 2277; x_wconf 88' lang='lat' dir='ltr'><strong>tenent,</strong></span> <span class='ocrx_word' id='word_1_118' title='bbox 510 2225 613 2264; x_wconf 85' lang='lat' dir='ltr'><strong>somno</strong></span> <span class='ocrx_word' id='word_1_119' title='bbox 627 2207 730 2284; x_wconf 68' lang='lat' dir='ltr'><strong>positae</strong></span> <span class='ocrx_word' id='word_1_120' title='bbox 744 2209 800 2266; x_wconf 86' lang='lat' dir='ltr'><strong>sub</strong></span> <span class='ocrx_word' id='word_1_121' title='bbox 813 2218 901 2268; x_wconf 90' lang='lat' dir='ltr'><strong>nocte</strong></span> <span class='ocrx_word' id='word_1_122' title='bbox 915 2209 1014 2268; x_wconf 76' lang='lat' dir='ltr'>silenti</span> 
     </span>
     <span class='ocr_line' id='line_1_19' title="bbox 250 2297 959 2385; baseline 0.004 -28"><span class='ocrx_word' id='word_1_123' title='bbox 250 2368 268 2385; x_wconf 30' lang='lat' dir='ltr'>h</span> <span class='ocrx_word' id='word_1_124' title='bbox 283 2297 431 2357; x_wconf 69' lang='lat' dir='ltr'><strong>lenibant</strong></span> <span class='ocrx_word' id='word_1_125' title='bbox 445 2317 545 2369; x_wconf 86' lang='lat' dir='ltr'><strong>curas,</strong></span> <span class='ocrx_word' id='word_1_126' title='bbox 561 2307 590 2358; x_wconf 86' lang='lat' dir='ltr'><strong>et</strong></span> <span class='ocrx_word' id='word_1_127' title='bbox 604 2300 697 2357; x_wconf 89' lang='lat' dir='ltr'><strong>corda</strong></span> <span class='ocrx_word' id='word_1_128' title='bbox 709 2300 801 2358; x_wconf 87' lang='lat' dir='ltr'><strong>oblita</strong></span> <span class='ocrx_word' id='word_1_129' title='bbox 815 2301 959 2360; x_wconf 87' lang='lat' dir='ltr'><strong>laborum.</strong></span> 
     </span>
     <span class='ocr_line' id='line_1_20' title="bbox 283 2391 1074 2470; baseline 0.005 -21"><span class='ocrx_word' id='word_1_130' title='bbox 283 2395 321 2450; x_wconf 77' lang='lat' dir='ltr'><strong>At</strong></span> <span class='ocrx_word' id='word_1_131' title='bbox 335 2412 393 2450; x_wconf 93' lang='lat' dir='ltr'><strong>non</strong></span> <span class='ocrx_word' id='word_1_132' title='bbox 408 2391 508 2450; x_wconf 77' lang='lat' dir='ltr'>infelix</span> <span class='ocrx_word' id='word_1_133' title='bbox 522 2393 611 2450; x_wconf 86' lang='lat' dir='ltr'><strong>enimi</strong></span> <span class='ocrx_word' id='word_1_134' title='bbox 624 2391 784 2452; x_wconf 76' lang='lat' dir='ltr'><strong>Phoenissa</strong></span> <span class='ocrx_word' id='word_1_135' title='bbox 798 2413 806 2463; x_wconf 91' lang='lat'>;</span> <span class='ocrx_word' id='word_1_136' title='bbox 829 2413 927 2470; x_wconf 84' lang='lat' dir='ltr'><strong>neque</strong></span> <span class='ocrx_word' id='word_1_137' title='bbox 942 2414 1074 2470; x_wconf 87' lang='lat' dir='ltr'><strong>unquam</strong></span> 
     </span>
     <span class='ocr_line' id='line_1_21' title="bbox 284 2485 1267 2565; baseline 0.004 -21"><span class='ocrx_word' id='word_1_138' title='bbox 284 2485 412 2544; x_wconf 86' lang='lat' dir='ltr'><strong>Solvitur</strong></span> <span class='ocrx_word' id='word_1_139' title='bbox 426 2486 454 2544; x_wconf 89' lang='lat' dir='ltr'><strong>iu</strong></span> <span class='ocrx_word' id='word_1_140' title='bbox 470 2505 598 2556; x_wconf 86' lang='lat' dir='ltr'><strong>somnos,</strong></span> <span class='ocrx_word' id='word_1_141' title='bbox 615 2487 747 2545; x_wconf 80' lang='lat' dir='ltr'><strong>oculisve</strong></span> <span class='ocrx_word' id='word_1_142' title='bbox 762 2495 813 2545; x_wconf 91' lang='lat' dir='ltr'><strong>aut</strong></span> <span class='ocrx_word' id='word_1_143' title='bbox 827 2499 949 2565; x_wconf 83' lang='lat' dir='ltr'><strong>pectore</strong></span> <span class='ocrx_word' id='word_1_144' title='bbox 962 2497 1080 2547; x_wconf 85' lang='lat' dir='ltr'><strong>noctem</strong></span> <span class='ocrx_word' id='word_1_145' title='bbox 1206 2489 1267 2548; x_wconf 79' lang='grc'><strong>630</strong></span> 
     </span>
     <span class='ocr_line' id='line_1_22' title="bbox 240 2579 1102 2659; baseline 0.002 -21"><span class='ocrx_word' id='word_1_146' title='bbox 240 2613 253 2622; x_wconf 84' lang='grc'>-</span> <span class='ocrx_word' id='word_1_147' title='bbox 283 2579 419 2657; x_wconf 84' lang='lat' dir='ltr'><strong>Accipit:</strong></span> <span class='ocrx_word' id='word_1_148' title='bbox 442 2579 623 2657; x_wconf 79' lang='lat' dir='ltr'><strong>ingeminant</strong></span> <span class='ocrx_word' id='word_1_149' title='bbox 635 2598 717 2638; x_wconf 81' lang='lat' dir='ltr'><strong>curae</strong></span> <span class='ocrx_word' id='word_1_150' title='bbox 731 2599 738 2648; x_wconf 81' lang='lat'>3</span> <span class='ocrx_word' id='word_1_151' title='bbox 762 2599 926 2656; x_wconf 78' lang='lat' dir='ltr'><strong>rursusque</strong></span> <span class='ocrx_word' id='word_1_152' title='bbox 939 2599 1102 2659; x_wconf 77' lang='lat' dir='ltr'><strong>resurgens</strong></span> 
     </span>
     <span class='ocr_line' id='line_1_23' title="bbox 284 2673 1026 2750; baseline 0.003 -20"><span class='ocrx_word' id='word_1_153' title='bbox 284 2673 371 2731; x_wconf 80' lang='lat' dir='ltr'><strong>Saevit</strong></span> <span class='ocrx_word' id='word_1_154' title='bbox 386 2691 478 2743; x_wconf 91' lang='lat' dir='ltr'><strong>amor,</strong></span> <span class='ocrx_word' id='word_1_155' title='bbox 494 2691 662 2750; x_wconf 78' lang='lat' dir='ltr'><strong>magnoque</strong></span> <span class='ocrx_word' id='word_1_156' title='bbox 676 2673 787 2730; x_wconf 88' lang='lat' dir='ltr'><strong>irarum</strong></span> <span class='ocrx_word' id='word_1_157' title='bbox 803 2673 927 2732; x_wconf 85' lang='lat' dir='ltr'><strong>fluctuat</strong></span> <span class='ocrx_word' id='word_1_158' title='bbox 940 2682 1026 2733; x_wconf 77' lang='lat' dir='ltr'><strong>aestu.</strong></span> 
     </span>
     <span class='ocr_line' id='line_1_24' title="bbox 216 2764 1037 2842; baseline 0.004 -19"><span class='ocrx_word' id='word_1_159' title='bbox 216 2823 220 2832; x_wconf 79' lang='grc'><em>,</em></span> <span class='ocrx_word' id='word_1_160' title='bbox 283 2766 331 2824; x_wconf 84' lang='lat' dir='ltr'><strong>Sia</strong></span> <span class='ocrx_word' id='word_1_161' title='bbox 346 2764 420 2824; x_wconf 80' lang='lat' dir='ltr'><strong>adad</strong></span> <span class='ocrx_word' id='word_1_162' title='bbox 435 2764 551 2836; x_wconf 87' lang='lat' dir='ltr'><strong>insistit,</strong></span> <span class='ocrx_word' id='word_1_163' title='bbox 568 2785 730 2842; x_wconf 86' lang='lat' dir='ltr'><strong>secumque</strong></span> <span class='ocrx_word' id='word_1_164' title='bbox 745 2767 786 2826; x_wconf 87' lang='lat' dir='ltr'><strong>ita</strong></span> <span class='ocrx_word' id='word_1_165' title='bbox 800 2766 890 2826; x_wconf 92' lang='lat' dir='ltr'><strong>corde</strong></span> <span class='ocrx_word' id='word_1_166' title='bbox 905 2767 1037 2826; x_wconf 87' lang='lat' dir='ltr'><strong>volutat:</strong></span> 
     </span>
     <span class='ocr_line' id='line_1_25' title="bbox 280 2851 1037 2938; baseline 0.003 -21"><span class='ocrx_word' id='word_1_167' title='bbox 280 2859 339 2931; x_wconf 78' lang='lat' dir='ltr'><strong>En,</strong></span> <span class='ocrx_word' id='word_1_168' title='bbox 356 2859 425 2935; x_wconf 90' lang='lat' dir='ltr'><strong>quid</strong></span> <span class='ocrx_word' id='word_1_169' title='bbox 440 2877 496 2936; x_wconf 85' lang='lat' dir='ltr'><strong>ago</strong></span> <span class='ocrx_word' id='word_1_170' title='bbox 511 2859 522 2914; x_wconf 91' lang='lat'>?</span> <span class='ocrx_word' id='word_1_171' title='bbox 543 2851 685 2918; x_wconf 87' lang='lat' dir='ltr'><strong>rursusne</strong></span> <span class='ocrx_word' id='word_1_172' title='bbox 701 2879 808 2938; x_wconf 86' lang='lat' dir='ltr'><strong>procos</strong></span> <span class='ocrx_word' id='word_1_173' title='bbox 821 2860 910 2918; x_wconf 83' lang='lat' dir='ltr'><strong>irrisa</strong></span> <span class='ocrx_word' id='word_1_174' title='bbox 922 2861 1037 2937; x_wconf 89' lang='lat' dir='ltr'><strong>priores</strong></span> 
     </span>
     <span class='ocr_line' id='line_1_26' title="bbox 279 2951 1265 3032; baseline 0.003 -21"><span class='ocrx_word' id='word_1_175' title='bbox 279 2951 452 3030; x_wconf 81' lang='lat' dir='ltr'><strong>Experiar?</strong></span> <span class='ocrx_word' id='word_1_176' title='bbox 494 2951 721 3029; x_wconf 86' lang='lat' dir='ltr'><strong>Nomadumque</strong></span> <span class='ocrx_word' id='word_1_177' title='bbox 737 2961 835 3030; x_wconf 88' lang='lat' dir='ltr'><strong>petam</strong></span> <span class='ocrx_word' id='word_1_178' title='bbox 848 2955 997 3013; x_wconf 86' lang='lat' dir='ltr'><strong>connubia</strong></span> <span class='ocrx_word' id='word_1_179' title='bbox 1010 2954 1146 3032; x_wconf 84' lang='lat' dir='ltr'><strong>supplex,</strong></span> <span class='ocrx_word' id='word_1_180' title='bbox 1205 2957 1265 3013; x_wconf 77' lang='grc'><strong>686</strong></span> 
     </span>
     <span class='ocr_line' id='line_1_27' title="bbox 282 3044 1020 3125; baseline 0 -21"><span class='ocrx_word' id='word_1_181' title='bbox 282 3044 366 3111; x_wconf 79' lang='lat' dir='ltr'><strong>Quos</strong></span> <span class='ocrx_word' id='word_1_182' title='bbox 379 3064 437 3122; x_wconf 78' lang='lat' dir='ltr'><strong>ego</strong></span> <span class='ocrx_word' id='word_1_183' title='bbox 451 3045 505 3104; x_wconf 89' lang='lat' dir='ltr'><strong>sim</strong></span> <span class='ocrx_word' id='word_1_184' title='bbox 519 3046 607 3104; x_wconf 90' lang='lat' dir='ltr'><strong>toties</strong></span> <span class='ocrx_word' id='word_1_185' title='bbox 623 3045 686 3121; x_wconf 87' lang='lat' dir='ltr'><strong>jam</strong></span> <span class='ocrx_word' id='word_1_186' title='bbox 700 3045 861 3125; x_wconf 79' lang='lat' dir='ltr'><strong>dedignata</strong></span> <span class='ocrx_word' id='word_1_187' title='bbox 873 3047 1020 3106; x_wconf 86' lang='lat' dir='ltr'><strong>maritos?</strong></span> 
     </span>
     <span class='ocr_line' id='line_1_28' title="bbox 280 3137 1010 3217; baseline 0.005 -21"><span class='ocrx_word' id='word_1_188' title='bbox 280 3137 389 3198; x_wconf 86' lang='lat' dir='ltr'><strong>Iliacas</strong></span> <span class='ocrx_word' id='word_1_189' title='bbox 404 3139 495 3217; x_wconf 85' lang='lat' dir='ltr'><strong>igitur</strong></span> <span class='ocrx_word' id='word_1_190' title='bbox 508 3139 623 3198; x_wconf 84' lang='lat' dir='ltr'><strong>classes</strong></span> <span class='ocrx_word' id='word_1_191' title='bbox 637 3147 726 3215; x_wconf 84' lang='lat' dir='ltr'><strong>atque</strong></span> <span class='ocrx_word' id='word_1_192' title='bbox 741 3141 844 3198; x_wconf 87' lang='lat' dir='ltr'><strong>ultima</strong></span> <span class='ocrx_word' id='word_1_193' title='bbox 856 3139 1010 3200; x_wconf 82' lang='lat' dir='ltr'><strong>Teucrrim</strong></span> 
     </span>
     <span class='ocr_line' id='line_1_29' title="bbox 277 3231 1098 3309; baseline 0.005 -19"><span class='ocrx_word' id='word_1_194' title='bbox 277 3231 369 3290; x_wconf 86' lang='lat' dir='ltr'><strong>Jussa</strong></span> <span class='ocrx_word' id='word_1_195' title='bbox 383 3231 518 3308; x_wconf 89' lang='lat' dir='ltr'><strong>sequar?</strong></span> <span class='ocrx_word' id='word_1_196' title='bbox 541 3233 649 3307; x_wconf 83' lang='lat' dir='ltr'><strong>quinne</strong></span> <span class='ocrx_word' id='word_1_197' title='bbox 665 3232 774 3290; x_wconf 79' lang='lat' dir='ltr'><strong>auxilio</strong></span> <span class='ocrx_word' id='word_1_198' title='bbox 790 3234 877 3309; x_wconf 88' lang='lat' dir='ltr'><strong>juvat</strong></span> <span class='ocrx_word' id='word_1_199' title='bbox 891 3235 960 3292; x_wconf 74' lang='lat' dir='ltr'><strong>ante</strong></span> <span class='ocrx_word' id='word_1_200' title='bbox 973 3234 1098 3307; x_wconf 88' lang='lat' dir='ltr'><strong>levatos,</strong></span> 
     </span>
     <span class='ocr_line' id='line_1_30' title="bbox 277 3324 1107 3405; baseline 0.002 -23"><span class='ocrx_word' id='word_1_201' title='bbox 277 3324 339 3383; x_wconf 84' lang='lat' dir='ltr'><strong>Aut</strong></span> <span class='ocrx_word' id='word_1_202' title='bbox 355 3327 432 3382; x_wconf 89' lang='lat' dir='ltr'><strong>bene</strong></span> <span class='ocrx_word' id='word_1_203' title='bbox 448 3325 526 3403; x_wconf 89' lang='lat' dir='ltr'><strong>apud</strong></span> <span class='ocrx_word' id='word_1_204' title='bbox 539 3343 686 3384; x_wconf 86' lang='lat' dir='ltr'><strong>memores</strong></span> <span class='ocrx_word' id='word_1_205' title='bbox 701 3327 810 3385; x_wconf 87' lang='lat' dir='ltr'><strong>veteris</strong></span> <span class='ocrx_word' id='word_1_206' title='bbox 824 3336 881 3384; x_wconf 90' lang='lat' dir='ltr'><strong>stat</strong></span> <span class='ocrx_word' id='word_1_207' title='bbox 899 3328 998 3405; x_wconf 84' lang='lat' dir='ltr'><strong>gratia</strong></span> <span class='ocrx_word' id='word_1_208' title='bbox 1010 3329 1107 3387; x_wconf 86' lang='lat' dir='ltr'><strong>facti?</strong></span> 
     </span>
     <span class='ocr_line' id='line_1_31' title="bbox 277 3419 1264 3499; baseline 0.005 -22"><span class='ocrx_word' id='word_1_209' title='bbox 277 3419 354 3487; x_wconf 77' lang='lat' dir='ltr'><strong>Quis</strong></span> <span class='ocrx_word' id='word_1_210' title='bbox 368 3439 415 3477; x_wconf 88' lang='lat' dir='ltr'><strong>me</strong></span> <span class='ocrx_word' id='word_1_211' title='bbox 431 3428 540 3492; x_wconf 88' lang='lat' dir='ltr'><strong>autern,</strong></span> <span class='ocrx_word' id='word_1_212' title='bbox 557 3420 707 3491; x_wconf 77' lang='lat' dir='ltr'><strong>iserella,</strong></span> <span class='ocrx_word' id='word_1_213' title='bbox 723 3421 825 3478; x_wconf 84' lang='lat' dir='ltr'><strong>sinet?</strong></span> <span class='ocrx_word' id='word_1_214' title='bbox 845 3423 998 3480; x_wconf 86' lang='lat' dir='ltr'><strong>ratibusve</strong></span> <span class='ocrx_word' id='word_1_215' title='bbox 1012 3421 1149 3499; x_wconf 89' lang='lat' dir='ltr'><strong>superbis</strong></span> <span class='ocrx_word' id='word_1_216' title='bbox 1203 3423 1264 3481; x_wconf 81' lang='grc'><strong>640</strong></span> 
     </span>
     <span class='ocr_line' id='line_1_32' title="bbox 277 3513 1292 3596; baseline 0.004 -25"><span class='ocrx_word' id='word_1_217' title='bbox 277 3513 408 3596; x_wconf 82' lang='lat' dir='ltr'><strong>Invisam</strong></span> <span class='ocrx_word' id='word_1_218' title='bbox 423 3514 574 3590; x_wconf 82' lang='lat' dir='ltr'><strong>accipiet?</strong></span> <span class='ocrx_word' id='word_1_219' title='bbox 616 3514 736 3585; x_wconf 85' lang='lat' dir='ltr'><strong>Nescis,</strong></span> <span class='ocrx_word' id='word_1_220' title='bbox 753 3515 835 3572; x_wconf 87' lang='lat' dir='ltr'><strong>heu!</strong></span> <span class='ocrx_word' id='word_1_221' title='bbox 858 3515 982 3592; x_wconf 89' lang='lat' dir='ltr'><strong>perdita,</strong></span> <span class='ocrx_word' id='word_1_222' title='bbox 999 3517 1126 3576; x_wconf 87' lang='lat' dir='ltr'><strong>necdum</strong></span> <span class='ocrx_word' id='word_1_223' title='bbox 1262 3534 1292 3588; x_wconf 65' lang='lat' dir='ltr'>q</span> 
     </span>
     <span class='ocr_line' id='line_1_33' title="bbox 275 3604 895 3685; baseline 0 -20"><span class='ocrx_word' id='word_1_224' title='bbox 275 3604 507 3665; x_wconf 73' lang='lat' dir='ltr'><strong>Laomedontem</strong></span> <span class='ocrx_word' id='word_1_225' title='bbox 522 3607 615 3665; x_wconf 86' lang='lat' dir='ltr'><strong>sentis</strong></span> <span class='ocrx_word' id='word_1_226' title='bbox 628 3608 756 3683; x_wconf 86' lang='lat' dir='ltr'><strong>perjuria</strong></span> <span class='ocrx_word' id='word_1_227' title='bbox 772 3609 895 3685; x_wconf 86' lang='lat' dir='ltr'><strong>gentis?</strong></span> 
     </span>
     <span class='ocr_line' id='line_1_34' title="bbox 277 3698 1095 3778; baseline 0.001 -23"><span class='ocrx_word' id='word_1_228' title='bbox 277 3698 358 3764; x_wconf 80' lang='lat' dir='ltr'><strong>Quid</strong></span> <span class='ocrx_word' id='word_1_229' title='bbox 371 3707 434 3757; x_wconf 90' lang='lat' dir='ltr'><strong>tum</strong></span> <span class='ocrx_word' id='word_1_230' title='bbox 449 3699 460 3754; x_wconf 91' lang='lat'>?</span> <span class='ocrx_word' id='word_1_231' title='bbox 481 3699 545 3758; x_wconf 87' lang='lat' dir='ltr'><strong>sola</strong></span> <span class='ocrx_word' id='word_1_232' title='bbox 559 3699 632 3778; x_wconf 74' lang='lat' dir='ltr'><strong>sugit</strong></span> <span class='ocrx_word' id='word_1_233' title='bbox 645 3709 753 3760; x_wconf 68' lang='lat' dir='ltr'><strong>nnuma</strong></span> <span class='ocrx_word' id='word_1_234' title='bbox 766 3701 931 3761; x_wconf 82' lang='lat' dir='ltr'><strong>comitabor</strong></span> <span class='ocrx_word' id='word_1_235' title='bbox 944 3707 1068 3761; x_wconf 88' lang='lat' dir='ltr'><strong>ovantes</strong></span> <span class='ocrx_word' id='word_1_236' title='bbox 1083 3700 1095 3756; x_wconf 79' lang='lat' dir='ltr'><strong>l</strong></span> 
     </span>
     <span class='ocr_line' id='line_1_35' title="bbox 274 3791 964 3871; baseline 0.003 -21"><span class='ocrx_word' id='word_1_237' title='bbox 274 3794 322 3850; x_wconf 91' lang='lat' dir='ltr'><strong>An</strong></span> <span class='ocrx_word' id='word_1_238' title='bbox 337 3792 440 3868; x_wconf 82' lang='lat' dir='ltr'><strong>Tyriis</strong></span> <span class='ocrx_word' id='word_1_239' title='bbox 454 3791 591 3868; x_wconf 81' lang='lat' dir='ltr'><strong>omnique</strong></span> <span class='ocrx_word' id='word_1_240' title='bbox 605 3811 694 3852; x_wconf 90' lang='lat' dir='ltr'><strong>manu</strong></span> <span class='ocrx_word' id='word_1_241' title='bbox 709 3794 818 3871; x_wconf 89' lang='lat' dir='ltr'><strong>stipata</strong></span> <span class='ocrx_word' id='word_1_242' title='bbox 832 3813 964 3853; x_wconf 87' lang='lat' dir='ltr'><strong>meorum</strong></span> 
     </span>
     <span class='ocr_line' id='line_1_36' title="bbox 274 3883 1262 3960; baseline 0.005 -18"><span class='ocrx_word' id='word_1_243' title='bbox 274 3883 418 3944; x_wconf 82' lang='lat' dir='ltr'><strong>Iut&#39;erar?</strong></span> <span class='ocrx_word' id='word_1_244' title='bbox 440 3893 480 3956; x_wconf 88' lang='lat' dir='ltr'><strong>et,</strong></span> <span class='ocrx_word' id='word_1_245' title='bbox 497 3905 571 3960; x_wconf 90' lang='lat' dir='ltr'><strong>quos</strong></span> <span class='ocrx_word' id='word_1_246' title='bbox 586 3885 709 3946; x_wconf 71' lang='lat' dir='ltr'><strong>Sidonii</strong></span> <span class='ocrx_word' id='word_1_247' title='bbox 721 3887 769 3944; x_wconf 87' lang='lat' dir='ltr'><strong>vix</strong></span> <span class='ocrx_word' id='word_1_248' title='bbox 783 3889 858 3944; x_wconf 89' lang='lat' dir='ltr'><strong>urbe</strong></span> <span class='ocrx_word' id='word_1_249' title='bbox 871 3887 986 3958; x_wconf 84' lang='lat' dir='ltr'><strong>revelli,</strong></span> <span class='ocrx_word' id='word_1_250' title='bbox 1202 3888 1262 3947; x_wconf 82' lang='grc'><strong>646</strong></span> 
     </span>
     <span class='ocr_line' id='line_1_37' title="bbox 274 3975 1159 4060; baseline 0.003 -26"><span class='ocrx_word' id='word_1_251' title='bbox 274 3975 394 4035; x_wconf 83' lang='lat' dir='ltr'><strong>Rursus</strong></span> <span class='ocrx_word' id='word_1_252' title='bbox 408 3997 497 4056; x_wconf 80' lang='lat' dir='ltr'><strong>agam</strong></span> <span class='ocrx_word' id='word_1_253' title='bbox 510 3979 629 4058; x_wconf 81' lang='lat' dir='ltr'><strong>pelago,</strong></span> <span class='ocrx_word' id='word_1_254' title='bbox 646 3988 675 4037; x_wconf 88' lang='lat' dir='ltr'><strong>et</strong></span> <span class='ocrx_word' id='word_1_255' title='bbox 688 3980 785 4037; x_wconf 88' lang='lat' dir='ltr'><strong>ventis</strong></span> <span class='ocrx_word' id='word_1_256' title='bbox 799 3979 870 4036; x_wconf 85' lang='lat' dir='ltr'><strong>dere</strong></span> <span class='ocrx_word' id='word_1_257' title='bbox 884 3980 951 4038; x_wconf 87' lang='lat' dir='ltr'><strong>vele</strong></span> <span class='ocrx_word' id='word_1_258' title='bbox 968 3979 1081 4055; x_wconf 89' lang='lat' dir='ltr'><strong>jubebo</strong></span> <span class='ocrx_word' id='word_1_259' title='bbox 1095 3980 1106 4037; x_wconf 79' lang='lat' dir='ltr'><strong>i</strong></span> <span class='ocrx_word' id='word_1_260' title='bbox 1154 4051 1159 4060; x_wconf 23' lang='grc' dir='ltr'>ι</span> 
     </span>
     <span class='ocr_line' id='line_1_38' title="bbox 276 4066 1151 4146; baseline 0.007 -19"><span class='ocrx_word' id='word_1_261' title='bbox 276 4066 356 4135; x_wconf 80' lang='lat' dir='ltr'><strong>Quin</strong></span> <span class='ocrx_word' id='word_1_262' title='bbox 370 4089 498 4143; x_wconf 87' lang='lat' dir='ltr'><strong>morere,</strong></span> <span class='ocrx_word' id='word_1_263' title='bbox 514 4080 545 4130; x_wconf 91' lang='lat' dir='ltr'><strong>ut</strong></span> <span class='ocrx_word' id='word_1_264' title='bbox 559 4073 665 4130; x_wconf 88' lang='lat' dir='ltr'><strong>merita</strong></span> <span class='ocrx_word' id='word_1_265' title='bbox 677 4091 720 4142; x_wconf 86' lang='lat' dir='ltr'><strong>es,</strong></span> <span class='ocrx_word' id='word_1_266' title='bbox 736 4071 875 4146; x_wconf 81' lang='lat' dir='ltr'><strong>ferroque</strong></span> <span class='ocrx_word' id='word_1_267' title='bbox 890 4081 992 4131; x_wconf 88' lang='lat' dir='ltr'><strong>averte</strong></span> <span class='ocrx_word' id='word_1_268' title='bbox 1011 4073 1151 4134; x_wconf 82' lang='lat' dir='ltr'><strong>dolorem</strong></span> 
     </span>
     <span class='ocr_line' id='line_1_39' title="bbox 273 4159 1017 4241; baseline 0.008 -23"><span class='ocrx_word' id='word_1_269' title='bbox 273 4159 333 4232; x_wconf 87' lang='lat' dir='ltr'><strong>Tu,</strong></span> <span class='ocrx_word' id='word_1_270' title='bbox 348 4162 491 4240; x_wconf 85' lang='lat' dir='ltr'><strong>lacrymis</strong></span> <span class='ocrx_word' id='word_1_271' title='bbox 504 4165 603 4224; x_wconf 89' lang='lat' dir='ltr'><strong>evicta</strong></span> <span class='ocrx_word' id='word_1_272' title='bbox 616 4165 700 4236; x_wconf 87' lang='lat' dir='ltr'><strong>meis,</strong></span> <span class='ocrx_word' id='word_1_273' title='bbox 716 4171 748 4222; x_wconf 90' lang='lat' dir='ltr'><strong>tu</strong></span> <span class='ocrx_word' id='word_1_274' title='bbox 763 4163 857 4241; x_wconf 89' lang='lat' dir='ltr'><strong>prima</strong></span> <span class='ocrx_word' id='word_1_275' title='bbox 871 4165 1017 4224; x_wconf 79' lang='lat' dir='ltr'><strong>furentem</strong></span> 
     </span>
     <span class='ocr_line' id='line_1_40' title="bbox 271 4253 1077 4335; baseline 0.011 -24"><span class='ocrx_word' id='word_1_276' title='bbox 271 4253 343 4326; x_wconf 89' lang='lat' dir='ltr'><strong>His,</strong></span> <span class='ocrx_word' id='word_1_277' title='bbox 361 4275 516 4334; x_wconf 83' lang='lat' dir='ltr'><strong>germana,</strong></span> <span class='ocrx_word' id='word_1_278' title='bbox 532 4259 618 4316; x_wconf 89' lang='lat' dir='ltr'><strong>malis</strong></span> <span class='ocrx_word' id='word_1_279' title='bbox 632 4276 751 4329; x_wconf 87' lang='lat' dir='ltr'><strong>oneras,</strong></span> <span class='ocrx_word' id='word_1_280' title='bbox 768 4266 859 4335; x_wconf 88' lang='lat' dir='ltr'><strong>atque</strong></span> <span class='ocrx_word' id='word_1_281' title='bbox 873 4260 977 4335; x_wconf 86' lang='lat' dir='ltr'><strong>objicis</strong></span> <span class='ocrx_word' id='word_1_282' title='bbox 991 4261 1077 4321; x_wconf 86' lang='lat' dir='ltr'><strong>hosti.</strong></span> 
     </span>
     <span class='ocr_line' id='line_1_41' title="bbox 270 4347 1259 4428; baseline 0.004 -20"><span class='ocrx_word' id='word_1_283' title='bbox 270 4347 342 4408; x_wconf 88' lang='lat' dir='ltr'><strong>Non</strong></span> <span class='ocrx_word' id='word_1_284' title='bbox 357 4349 440 4409; x_wconf 85' lang='lat' dir='ltr'><strong>licuit</strong></span> <span class='ocrx_word' id='word_1_285' title='bbox 453 4351 577 4410; x_wconf 83' lang='lat' dir='ltr'><strong>thalami</strong></span> <span class='ocrx_word' id='word_1_286' title='bbox 591 4359 742 4428; x_wconf 85' lang='lat' dir='ltr'><strong>expertem</strong></span> <span class='ocrx_word' id='word_1_287' title='bbox 756 4351 820 4410; x_wconf 89' lang='lat' dir='ltr'><strong>sine</strong></span> <span class='ocrx_word' id='word_1_288' title='bbox 834 4353 957 4412; x_wconf 89' lang='lat' dir='ltr'><strong>crimine</strong></span> <span class='ocrx_word' id='word_1_289' title='bbox 971 4353 1061 4412; x_wconf 91' lang='lat' dir='ltr'><strong>vitam</strong></span> <span class='ocrx_word' id='word_1_290' title='bbox 1200 4357 1259 4412; x_wconf 89' lang='grc'><strong>660</strong></span> 
     </span>
     <span class='ocr_line' id='line_1_42' title="bbox 554 4446 984 4504; baseline 0.009 -4"><span class='ocrx_word' id='word_1_291' title='bbox 554 4446 614 4500; x_wconf 70' lang='lat' dir='ltr'><strong>ldl</strong></span> <span class='ocrx_word' id='word_1_292' title='bbox 963 4465 984 4504; x_wconf 90' lang='lat' dir='ltr'><strong>u</strong></span> 
     </span>
    </p>
   </div>
   <div class='ocr_carea' id='block_1_3' title="bbox 0 0 1588 5234">
    <p class='ocr_par' dir='ltr' id='par_1_3' title="bbox 0 0 1588 5234">
     <span class='ocr_line' id='line_1_43' title="bbox 0 0 1588 5234; baseline 0 6"><span class='ocrx_word' id='word_1_293' title='bbox 0 0 1588 5234; x_wconf 95' lang='lat' dir='ltr'><strong> </strong></span> 
     </span>
    </p>
   </div>
  </div>
 </body>
</html>
