<?xml version="1.0" encoding="UTF-8"?>
<!DOCTYPE html PUBLIC "-//W3C//DTD XHTML 1.0 Transitional//EN"
    "http://www.w3.org/TR/xhtml1/DTD/xhtml1-transitional.dtd">
<html xmlns="http://www.w3.org/1999/xhtml" xml:lang="en" lang="en">
 <head>
  <title>
</title>
<meta http-equiv="Content-Type" content="text/html;charset=utf-8" />
  <meta name='ocr-system' content='tesseract 3.04.00' />
  <meta name='ocr-capabilities' content='ocr_page ocr_carea ocr_par ocr_line ocrx_word'/>
</head>
<body>
  <div class='ocr_page' id='page_1' title='image "./pvirgiliimaroni01bowegoog/pvirgiliimaroni01bowegoog_0131.png"; bbox 0 0 3167 5234; ppageno 0'>
   <div class='ocr_carea' id='block_1_1' title="bbox 578 552 909 603">
    <p class='ocr_par' dir='ltr' id='par_1_1' title="bbox 578 552 909 603">
     <span class='ocr_line' id='line_1_1' title="bbox 578 552 909 603; baseline -0.006 0"><span class='ocrx_word' id='word_1_1' title='bbox 578 552 755 603; x_wconf 68' lang='lat' dir='ltr'>AENEIDOS</span> <span class='ocrx_word' id='word_1_2' title='bbox 773 554 843 602; x_wconf 74' lang='lat' dir='ltr'><strong>niu.</strong></span> <span class='ocrx_word' id='word_1_3' title='bbox 857 552 909 601; x_wconf 88' lang='lat'>111.</span> 
     </span>
    </p>
   </div>
   <div class='ocr_carea' id='block_1_2' title="bbox 180 692 1237 2921">
    <p class='ocr_par' dir='ltr' id='par_1_2' title="bbox 180 692 1237 2921">
     <span class='ocr_line' id='line_1_2' title="bbox 252 692 1041 772; baseline -0.009 -14"><span class='ocrx_word' id='word_1_4' title='bbox 252 700 295 759; x_wconf 82' lang='lat' dir='ltr'><strong>Et</strong></span> <span class='ocrx_word' id='word_1_5' title='bbox 306 706 418 756; x_wconf 89' lang='lat' dir='ltr'><strong>terrum</strong></span> <span class='ocrx_word' id='word_1_6' title='bbox 431 692 614 772; x_wconf 78' lang='lat' dir='ltr'><strong>Hesperium</strong></span> <span class='ocrx_word' id='word_1_7' title='bbox 627 694 742 765; x_wconf 77' lang='lat' dir='ltr'><strong>venies,</strong></span> <span class='ocrx_word' id='word_1_8' title='bbox 756 694 808 751; x_wconf 87' lang='lat' dir='ltr'><strong>ubi</strong></span> <span class='ocrx_word' id='word_1_9' title='bbox 825 692 951 770; x_wconf 84' lang='lat' dir='ltr'><strong>Lydius,</strong></span> <span class='ocrx_word' id='word_1_10' title='bbox 968 710 1041 751; x_wconf 82' lang='lat' dir='ltr'><strong>erre</strong></span> 
     </span>
     <span class='ocr_line' id='line_1_3' title="bbox 252 786 987 869; baseline -0.008 -18"><span class='ocrx_word' id='word_1_11' title='bbox 252 792 334 851; x_wconf 83' lang='lat' dir='ltr'><strong>luter</strong></span> <span class='ocrx_word' id='word_1_12' title='bbox 347 791 446 869; x_wconf 83' lang='lat' dir='ltr'><strong>opime</strong></span> <span class='ocrx_word' id='word_1_13' title='bbox 459 788 566 859; x_wconf 70' lang='lat' dir='ltr'><strong>vuum,</strong></span> <span class='ocrx_word' id='word_1_14' title='bbox 581 788 643 847; x_wconf 92' lang='lat' dir='ltr'><strong>leni</strong></span> <span class='ocrx_word' id='word_1_15' title='bbox 655 787 721 847; x_wconf 83' lang='lat' dir='ltr'><strong>duit</strong></span> <span class='ocrx_word' id='word_1_16' title='bbox 733 786 853 865; x_wconf 76' lang='lat' dir='ltr'><strong>ugmine</strong></span> <span class='ocrx_word' id='word_1_17' title='bbox 865 787 987 863; x_wconf 79' lang='lat' dir='ltr'><strong>Tybris.</strong></span> 
     </span>
     <span class='ocr_line' id='line_1_4' title="bbox 252 880 964 961; baseline -0.008 -18"><span class='ocrx_word' id='word_1_18' title='bbox 252 885 317 943; x_wconf 84' lang='lat' dir='ltr'><strong>iilic</strong></span> <span class='ocrx_word' id='word_1_19' title='bbox 330 904 381 942; x_wconf 81' lang='lat' dir='ltr'><strong>ren</strong></span> <span class='ocrx_word' id='word_1_20' title='bbox 394 883 482 954; x_wconf 78' lang='lat' dir='ltr'><strong>lmtm,</strong></span> <span class='ocrx_word' id='word_1_21' title='bbox 497 899 695 961; x_wconf 75' lang='lat' dir='ltr'><strong>regnumque,</strong></span> <span class='ocrx_word' id='word_1_22' title='bbox 710 890 742 939; x_wconf 87' lang='lat' dir='ltr'><strong>et</strong></span> <span class='ocrx_word' id='word_1_23' title='bbox 754 880 840 959; x_wconf 73' lang='lat' dir='ltr'><strong>regie</strong></span> <span class='ocrx_word' id='word_1_24' title='bbox 853 880 964 955; x_wconf 83' lang='lat' dir='ltr'><strong>conjux</strong></span> 
     </span>
     <span class='ocr_line' id='line_1_5' title="bbox 249 973 972 1052; baseline -0.008 -15"><span class='ocrx_word' id='word_1_25' title='bbox 249 978 341 1037; x_wconf 78' lang='lat' dir='ltr'><strong>Parte</strong></span> <span class='ocrx_word' id='word_1_26' title='bbox 353 978 427 1035; x_wconf 87' lang='lat' dir='ltr'><strong>tibi:</strong></span> <span class='ocrx_word' id='word_1_27' title='bbox 448 976 598 1052; x_wconf 82' lang='lat' dir='ltr'><strong>iucrymm</strong></span> <span class='ocrx_word' id='word_1_28' title='bbox 610 974 728 1033; x_wconf 74' lang='lat' dir='ltr'><strong>dilectu</strong></span> <span class='ocrx_word' id='word_1_29' title='bbox 743 973 820 1051; x_wconf 88' lang='lat' dir='ltr'><strong>pelle</strong></span> <span class='ocrx_word' id='word_1_30' title='bbox 835 973 972 1032; x_wconf 70' lang='lat' dir='ltr'><strong>Cretica.</strong></span> 
     </span>
     <span class='ocr_line' id='line_1_6' title="bbox 249 1065 1237 1149; baseline -0.009 -19"><span class='ocrx_word' id='word_1_31' title='bbox 249 1071 319 1131; x_wconf 85' lang='lat' dir='ltr'><strong>Non</strong></span> <span class='ocrx_word' id='word_1_32' title='bbox 333 1090 392 1149; x_wconf 80' lang='lat' dir='ltr'><strong>ege</strong></span> <span class='ocrx_word' id='word_1_33' title='bbox 404 1068 624 1146; x_wconf 81' lang='lat' dir='ltr'><strong>Myrmidonum</strong></span> <span class='ocrx_word' id='word_1_34' title='bbox 637 1066 726 1126; x_wconf 87' lang='lat' dir='ltr'><strong>sedes</strong></span> <span class='ocrx_word' id='word_1_35' title='bbox 738 1068 927 1145; x_wconf 82' lang='lat' dir='ltr'><strong>Dolopumve</strong></span> <span class='ocrx_word' id='word_1_36' title='bbox 941 1066 1087 1143; x_wconf 82' lang='lat' dir='ltr'><strong>superbus</strong></span> <span class='ocrx_word' id='word_1_37' title='bbox 1179 1065 1237 1123; x_wconf 76' lang='lat'><strong>⁷85</strong></span> 
     </span>
     <span class='ocr_line' id='line_1_7' title="bbox 249 1160 1005 1242; baseline -0.008 -18"><span class='ocrx_word' id='word_1_38' title='bbox 249 1164 434 1242; x_wconf 72' lang='lat' dir='ltr'><strong>Auspicium,</strong></span> <span class='ocrx_word' id='word_1_39' title='bbox 449 1171 502 1221; x_wconf 81' lang='lat' dir='ltr'><strong>eut</strong></span> <span class='ocrx_word' id='word_1_40' title='bbox 513 1162 619 1221; x_wconf 77' lang='lat' dir='ltr'><strong>Graiis</strong></span> <span class='ocrx_word' id='word_1_41' title='bbox 631 1162 775 1220; x_wconf 81' lang='lat' dir='ltr'><strong>servitum</strong></span> <span class='ocrx_word' id='word_1_42' title='bbox 787 1162 932 1220; x_wconf 76' lang='lat' dir='ltr'><strong>matribus</strong></span> <span class='ocrx_word' id='word_1_43' title='bbox 945 1160 1005 1232; x_wconf 90' lang='lat' dir='ltr'><strong>ibo,</strong></span> 
     </span>
     <span class='ocr_line' id='line_1_8' title="bbox 249 1254 821 1328; baseline -0.012 -10"><span class='ocrx_word' id='word_1_44' title='bbox 249 1257 415 1328; x_wconf 54' lang='lat' dir='ltr'><strong>Dardanis</strong></span> <span class='ocrx_word' id='word_1_45' title='bbox 429 1265 459 1313; x_wconf 89' lang='lat' dir='ltr'><strong>et</strong></span> <span class='ocrx_word' id='word_1_46' title='bbox 472 1254 548 1315; x_wconf 77' lang='lat' dir='ltr'><strong>ditm</strong></span> <span class='ocrx_word' id='word_1_47' title='bbox 562 1254 692 1313; x_wconf 87' lang='lat' dir='ltr'><strong>Veneris</strong></span> <span class='ocrx_word' id='word_1_48' title='bbox 705 1274 799 1313; x_wconf 86' lang='lat' dir='ltr'><strong>nurus</strong></span> <span class='ocrx_word' id='word_1_49' title='bbox 814 1273 821 1311; x_wconf 92' lang='lat'><strong>:</strong></span> 
     </span>
     <span class='ocr_line' id='line_1_9' title="bbox 251 1346 1017 1427; baseline -0.007 -17"><span class='ocrx_word' id='word_1_50' title='bbox 251 1350 311 1410; x_wconf 90' lang='lat' dir='ltr'><strong>Sed</strong></span> <span class='ocrx_word' id='word_1_51' title='bbox 324 1369 372 1409; x_wconf 90' lang='lat' dir='ltr'><strong>me</strong></span> <span class='ocrx_word' id='word_1_52' title='bbox 385 1368 495 1427; x_wconf 76' lang='lat' dir='ltr'><strong>magne</strong></span> <span class='ocrx_word' id='word_1_53' title='bbox 507 1348 598 1407; x_wconf 81' lang='lat' dir='ltr'><strong>deum</strong></span> <span class='ocrx_word' id='word_1_54' title='bbox 612 1347 749 1425; x_wconf 75' lang='lat' dir='ltr'><strong>genetrix</strong></span> <span class='ocrx_word' id='word_1_55' title='bbox 763 1347 810 1405; x_wconf 86' lang='lat' dir='ltr'><strong>bis</strong></span> <span class='ocrx_word' id='word_1_56' title='bbox 823 1346 934 1405; x_wconf 84' lang='lat' dir='ltr'><strong>detinet</strong></span> <span class='ocrx_word' id='word_1_57' title='bbox 947 1346 1017 1405; x_wconf 89' lang='lat' dir='ltr'><strong>oris.</strong></span> 
     </span>
     <span class='ocr_line' id='line_1_10' title="bbox 249 1439 1030 1520; baseline -0.006 -18"><span class='ocrx_word' id='word_1_58' title='bbox 249 1443 380 1520; x_wconf 74' lang='lat' dir='ltr'><strong>Jamque</strong></span> <span class='ocrx_word' id='word_1_59' title='bbox 394 1442 471 1512; x_wconf 88' lang='lat' dir='ltr'><strong>vele,</strong></span> <span class='ocrx_word' id='word_1_60' title='bbox 487 1449 518 1499; x_wconf 91' lang='lat' dir='ltr'><strong>et</strong></span> <span class='ocrx_word' id='word_1_61' title='bbox 531 1440 594 1499; x_wconf 88' lang='lat' dir='ltr'><strong>neti</strong></span> <span class='ocrx_word' id='word_1_62' title='bbox 607 1458 697 1499; x_wconf 81' lang='lat' dir='ltr'><strong>serve</strong></span> <span class='ocrx_word' id='word_1_63' title='bbox 709 1439 875 1499; x_wconf 81' lang='lat' dir='ltr'><strong>communie</strong></span> <span class='ocrx_word' id='word_1_64' title='bbox 888 1457 1030 1497; x_wconf 85' lang='lat' dir='ltr'><strong>umorem.</strong></span> 
     </span>
     <span class='ocr_line' id='line_1_11' title="bbox 291 1530 1235 1610; baseline -0.006 -15"><span class='ocrx_word' id='word_1_65' title='bbox 291 1535 371 1595; x_wconf 82' lang='lat' dir='ltr'><strong>Haec</strong></span> <span class='ocrx_word' id='word_1_66' title='bbox 380 1535 432 1593; x_wconf 90' lang='lat' dir='ltr'><strong>ubi</strong></span> <span class='ocrx_word' id='word_1_67' title='bbox 442 1534 523 1593; x_wconf 82' lang='lat' dir='ltr'><strong>dictu</strong></span> <span class='ocrx_word' id='word_1_68' title='bbox 533 1532 624 1605; x_wconf 90' lang='lat' dir='ltr'><strong>dedit,</strong></span> <span class='ocrx_word' id='word_1_69' title='bbox 635 1534 851 1610; x_wconf 74' lang='lat' dir='ltr'><strong>lacrymantem</strong></span> <span class='ocrx_word' id='word_1_70' title='bbox 861 1540 891 1589; x_wconf 88' lang='lat' dir='ltr'><strong>et</strong></span> <span class='ocrx_word' id='word_1_71' title='bbox 902 1533 994 1591; x_wconf 88' lang='lat' dir='ltr'><strong>multu</strong></span> <span class='ocrx_word' id='word_1_72' title='bbox 1005 1530 1152 1591; x_wconf 80' lang='lat' dir='ltr'><strong>unientem</strong></span> <span class='ocrx_word' id='word_1_73' title='bbox 1176 1532 1235 1589; x_wconf 82' lang='grc'><strong>790</strong></span> 
     </span>
     <span class='ocr_line' id='line_1_12' title="bbox 249 1625 997 1704; baseline -0.007 -16"><span class='ocrx_word' id='word_1_74' title='bbox 249 1629 363 1689; x_wconf 87' lang='lat' dir='ltr'><strong>Dicere</strong></span> <span class='ocrx_word' id='word_1_75' title='bbox 375 1628 519 1699; x_wconf 87' lang='lat' dir='ltr'><strong>deseruit,</strong></span> <span class='ocrx_word' id='word_1_76' title='bbox 533 1635 700 1704; x_wconf 73' lang='lat' dir='ltr'><strong>tenuesque</strong></span> <span class='ocrx_word' id='word_1_77' title='bbox 713 1625 839 1685; x_wconf 78' lang='lat' dir='ltr'><strong>recessit</strong></span> <span class='ocrx_word' id='word_1_78' title='bbox 853 1626 883 1684; x_wconf 91' lang='lat' dir='ltr'><strong>in</strong></span> <span class='ocrx_word' id='word_1_79' title='bbox 897 1643 997 1683; x_wconf 81' lang='lat' dir='ltr'><strong>eures.</strong></span> 
     </span>
     <span class='ocr_line' id='line_1_13' title="bbox 180 1720 976 1786; baseline -0.008 -4"><span class='ocrx_word' id='word_1_80' title='bbox 180 1756 185 1763; x_wconf 86' lang='lat'><strong>·</strong></span> <span class='ocrx_word' id='word_1_81' title='bbox 250 1722 315 1782; x_wconf 84' lang='lat' dir='ltr'><strong>Ter</strong></span> <span class='ocrx_word' id='word_1_82' title='bbox 327 1730 452 1781; x_wconf 83' lang='lat' dir='ltr'><strong>cunutus</strong></span> <span class='ocrx_word' id='word_1_83' title='bbox 466 1721 506 1780; x_wconf 91' lang='lat' dir='ltr'><strong>ibi</strong></span> <span class='ocrx_word' id='word_1_84' title='bbox 520 1720 685 1780; x_wconf 81' lang='lat' dir='ltr'><strong>colludere</strong></span> <span class='ocrx_word' id='word_1_85' title='bbox 699 1720 824 1779; x_wconf 78' lang='lat' dir='ltr'><strong>brechia</strong></span> <span class='ocrx_word' id='word_1_86' title='bbox 839 1720 952 1777; x_wconf 88' lang='lat' dir='ltr'><strong>circum</strong></span> <span class='ocrx_word' id='word_1_87' title='bbox 967 1737 976 1786; x_wconf 82' lang='lat'>3</span> 
     </span>
     <span class='ocr_line' id='line_1_14' title="bbox 251 1812 987 1893; baseline -0.007 -18"><span class='ocrx_word' id='word_1_88' title='bbox 251 1814 313 1875; x_wconf 86' lang='lat' dir='ltr'><strong>Ter</strong></span> <span class='ocrx_word' id='word_1_89' title='bbox 325 1816 435 1875; x_wconf 67' lang='lat' dir='ltr'><strong>flustra</strong></span> <span class='ocrx_word' id='word_1_90' title='bbox 448 1832 626 1893; x_wconf 75' lang='lat' dir='ltr'><strong>compi-ense</strong></span> <span class='ocrx_word' id='word_1_91' title='bbox 637 1832 746 1872; x_wconf 82' lang='lat' dir='ltr'><strong>munus</strong></span> <span class='ocrx_word' id='word_1_92' title='bbox 758 1813 863 1891; x_wconf 79' lang='lat' dir='ltr'><strong>effugit</strong></span> <span class='ocrx_word' id='word_1_93' title='bbox 877 1812 987 1891; x_wconf 78' lang='lat' dir='ltr'><strong>ime-go,</strong></span> 
     </span>
     <span class='ocr_line' id='line_1_15' title="bbox 247 1906 1036 1984; baseline -0.003 -17"><span class='ocrx_word' id='word_1_94' title='bbox 247 1908 311 1967; x_wconf 84' lang='lat' dir='ltr'><strong>Per</strong></span> <span class='ocrx_word' id='word_1_95' title='bbox 322 1908 439 1966; x_wconf 85' lang='lat' dir='ltr'><strong>levibns</strong></span> <span class='ocrx_word' id='word_1_96' title='bbox 452 1907 559 1979; x_wconf 83' lang='lat' dir='ltr'><strong>ventis,</strong></span> <span class='ocrx_word' id='word_1_97' title='bbox 574 1906 748 1984; x_wconf 85' lang='lat' dir='ltr'><strong>vulnerique</strong></span> <span class='ocrx_word' id='word_1_98' title='bbox 759 1906 908 1965; x_wconf 83' lang='lat' dir='ltr'><strong>simillime</strong></span> <span class='ocrx_word' id='word_1_99' title='bbox 924 1924 1036 1967; x_wconf 78' lang='lat' dir='ltr'><strong>nemun.</strong></span> 
     </span>
     <span class='ocr_line' id='line_1_16' title="bbox 249 1998 1235 2077; baseline -0.007 -15"><span class='ocrx_word' id='word_1_100' title='bbox 249 2002 300 2063; x_wconf 86' lang='lat' dir='ltr'><strong>Sic</strong></span> <span class='ocrx_word' id='word_1_101' title='bbox 313 2002 433 2060; x_wconf 85' lang='lat' dir='ltr'><strong>demum</strong></span> <span class='ocrx_word' id='word_1_102' title='bbox 445 2000 554 2072; x_wconf 84' lang='lat' dir='ltr'><strong>socius,</strong></span> <span class='ocrx_word' id='word_1_103' title='bbox 570 1998 746 2077; x_wconf 71' lang='lat' dir='ltr'><strong>consumpti</strong></span> <span class='ocrx_word' id='word_1_104' title='bbox 758 2009 858 2071; x_wconf 89' lang='lat' dir='ltr'><strong>nocte,</strong></span> <span class='ocrx_word' id='word_1_105' title='bbox 874 2000 982 2059; x_wconf 82' lang='lat' dir='ltr'><strong>revise.</strong></span> <span class='ocrx_word' id='word_1_106' title='bbox 1176 1999 1235 2055; x_wconf 77' lang='lat' dir='ltr'><strong>tue</strong></span> 
     </span>
     <span class='ocr_line' id='line_1_17' title="bbox 287 2094 1097 2172; baseline -0.001 -18"><span class='ocrx_word' id='word_1_107' title='bbox 287 2098 390 2172; x_wconf 81' lang='lat' dir='ltr'><strong>Atque</strong></span> <span class='ocrx_word' id='word_1_108' title='bbox 403 2094 454 2153; x_wconf 84' lang='lat' dir='ltr'><strong>hic</strong></span> <span class='ocrx_word' id='word_1_109' title='bbox 467 2094 619 2171; x_wconf 80' lang='lat' dir='ltr'><strong>ingentem</strong></span> <span class='ocrx_word' id='word_1_110' title='bbox 632 2094 772 2151; x_wconf 89' lang='lat' dir='ltr'><strong>comitum</strong></span> <span class='ocrx_word' id='word_1_111' title='bbox 785 2094 938 2153; x_wconf 82' lang='lat' dir='ltr'><strong>effluxisse</strong></span> <span class='ocrx_word' id='word_1_112' title='bbox 953 2112 1097 2153; x_wconf 82' lang='lat' dir='ltr'><strong>uovorum</strong></span> 
     </span>
     <span class='ocr_line' id='line_1_18' title="bbox 249 2187 1102 2264; baseline -0.005 -15"><span class='ocrx_word' id='word_1_113' title='bbox 249 2188 373 2249; x_wconf 83' lang='lat' dir='ltr'><strong>Invenio</strong></span> <span class='ocrx_word' id='word_1_114' title='bbox 387 2188 539 2247; x_wconf 85' lang='lat' dir='ltr'><strong>edmirune</strong></span> <span class='ocrx_word' id='word_1_115' title='bbox 551 2206 708 2247; x_wconf 88' lang='lat' dir='ltr'><strong>numerum</strong></span> <span class='ocrx_word' id='word_1_116' title='bbox 723 2206 731 2256; x_wconf 90' lang='lat'>;</span> <span class='ocrx_word' id='word_1_117' title='bbox 754 2196 936 2263; x_wconf 75' lang='lat' dir='ltr'><strong>matresque,</strong></span> <span class='ocrx_word' id='word_1_118' title='bbox 952 2187 1102 2264; x_wconf 81' lang='lat' dir='ltr'><strong>virosque,</strong></span> 
     </span>
     <span class='ocr_line' id='line_1_19' title="bbox 249 2280 983 2359; baseline -0.003 -17"><span class='ocrx_word' id='word_1_119' title='bbox 249 2283 417 2344; x_wconf 80' lang='lat' dir='ltr'><strong>collectum</strong></span> <span class='ocrx_word' id='word_1_120' title='bbox 430 2281 536 2341; x_wconf 84' lang='lat' dir='ltr'><strong>exsilic</strong></span> <span class='ocrx_word' id='word_1_121' title='bbox 547 2281 665 2358; x_wconf 88' lang='lat' dir='ltr'><strong>pubem,</strong></span> <span class='ocrx_word' id='word_1_122' title='bbox 681 2281 851 2339; x_wconf 75' lang='lat' dir='ltr'><strong>miserabile</strong></span> <span class='ocrx_word' id='word_1_123' title='bbox 866 2280 983 2359; x_wconf 77' lang='lat' dir='ltr'><strong>vulgus.</strong></span> 
     </span>
     <span class='ocr_line' id='line_1_20' title="bbox 248 2371 1007 2453; baseline -0.005 -18"><span class='ocrx_word' id='word_1_124' title='bbox 248 2375 386 2453; x_wconf 85' lang='lat' dir='ltr'><strong>Undique</strong></span> <span class='ocrx_word' id='word_1_125' title='bbox 401 2371 581 2445; x_wconf 63' lang='lat' dir='ltr'><strong>convenire,</strong></span> <span class='ocrx_word' id='word_1_126' title='bbox 597 2374 703 2432; x_wconf 72' lang='lat' dir='ltr'><strong>uminis</strong></span> <span class='ocrx_word' id='word_1_127' title='bbox 716 2374 882 2451; x_wconf 88' lang='lat' dir='ltr'><strong>opibusque</strong></span> <span class='ocrx_word' id='word_1_128' title='bbox 901 2372 1007 2450; x_wconf 81' lang='lat' dir='ltr'><strong>peruti,</strong></span> 
     </span>
     <span class='ocr_line' id='line_1_21' title="bbox 248 2466 1015 2547; baseline -0.005 -18"><span class='ocrx_word' id='word_1_129' title='bbox 248 2468 285 2528; x_wconf 89' lang='lat' dir='ltr'><strong>lu</strong></span> <span class='ocrx_word' id='word_1_130' title='bbox 300 2486 505 2547; x_wconf 85' lang='lat' dir='ltr'><strong>quuscumqee</strong></span> <span class='ocrx_word' id='word_1_131' title='bbox 519 2468 608 2527; x_wconf 83' lang='lat' dir='ltr'><strong>velim</strong></span> <span class='ocrx_word' id='word_1_132' title='bbox 622 2467 730 2545; x_wconf 74' lang='lat' dir='ltr'><strong>pelegc</strong></span> <span class='ocrx_word' id='word_1_133' title='bbox 743 2466 894 2525; x_wconf 85' lang='lat' dir='ltr'><strong>deducere</strong></span> <span class='ocrx_word' id='word_1_134' title='bbox 908 2474 1015 2525; x_wconf 78' lang='lat' dir='ltr'><strong>terrae.</strong></span> 
     </span>
     <span class='ocr_line' id='line_1_22' title="bbox 246 2558 995 2641; baseline -0.007 -19"><span class='ocrx_word' id='word_1_135' title='bbox 246 2562 268 2623; x_wconf 89' lang='lat' dir='ltr'>J</span> <span class='ocrx_word' id='word_1_136' title='bbox 269 2582 375 2641; x_wconf 83' lang='lat' dir='ltr'><strong>umque</strong></span> <span class='ocrx_word' id='word_1_137' title='bbox 392 2562 475 2641; x_wconf 81' lang='lat' dir='ltr'><strong>jugis</strong></span> <span class='ocrx_word' id='word_1_138' title='bbox 487 2580 611 2619; x_wconf 81' lang='lat' dir='ltr'><strong>summm</strong></span> <span class='ocrx_word' id='word_1_139' title='bbox 624 2562 770 2637; x_wconf 79' lang='lat' dir='ltr'><strong>surgebut</strong></span> <span class='ocrx_word' id='word_1_140' title='bbox 784 2558 909 2619; x_wconf 82' lang='lat' dir='ltr'><strong>Lucifer</strong></span> <span class='ocrx_word' id='word_1_141' title='bbox 922 2558 995 2630; x_wconf 77' lang='lat' dir='ltr'><strong>Idm,</strong></span> 
     </span>
     <span class='ocr_line' id='line_1_23' title="bbox 245 2654 1043 2733; baseline -0.006 -17"><span class='ocrx_word' id='word_1_142' title='bbox 245 2656 447 2733; x_wconf 84' lang='lat' dir='ltr'><strong>Ducebetque</strong></span> <span class='ocrx_word' id='word_1_143' title='bbox 462 2656 541 2713; x_wconf 91' lang='lat' dir='ltr'><strong>diem</strong></span> <span class='ocrx_word' id='word_1_144' title='bbox 556 2674 564 2725; x_wconf 89' lang='grc'><strong>;</strong></span> <span class='ocrx_word' id='word_1_145' title='bbox 588 2654 750 2731; x_wconf 85' lang='lat' dir='ltr'><strong>Dunuique</strong></span> <span class='ocrx_word' id='word_1_146' title='bbox 762 2655 888 2713; x_wconf 76' lang='lat' dir='ltr'><strong>obsessa</strong></span> <span class='ocrx_word' id='word_1_147' title='bbox 901 2654 1043 2712; x_wconf 84' lang='lat' dir='ltr'><strong>tenebunt</strong></span> 
     </span>
     <span class='ocr_line' id='line_1_24' title="bbox 247 2748 1024 2829; baseline -0.006 -17"><span class='ocrx_word' id='word_1_148' title='bbox 247 2751 365 2812; x_wconf 84' lang='lat' dir='ltr'><strong>Limine</strong></span> <span class='ocrx_word' id='word_1_149' title='bbox 379 2760 532 2829; x_wconf 83' lang='lat' dir='ltr'><strong>porterum</strong></span> <span class='ocrx_word' id='word_1_150' title='bbox 548 2770 557 2820; x_wconf 92' lang='lat'>;</span> <span class='ocrx_word' id='word_1_151' title='bbox 580 2768 639 2808; x_wconf 91' lang='lat' dir='ltr'><strong>nec</strong></span> <span class='ocrx_word' id='word_1_152' title='bbox 652 2768 722 2827; x_wconf 89' lang='lat' dir='ltr'><strong>spes</strong></span> <span class='ocrx_word' id='word_1_153' title='bbox 733 2750 799 2827; x_wconf 83' lang='lat' dir='ltr'><strong>epis</strong></span> <span class='ocrx_word' id='word_1_154' title='bbox 813 2750 874 2808; x_wconf 84' lang='lat' dir='ltr'><strong>ulle</strong></span> <span class='ocrx_word' id='word_1_155' title='bbox 888 2748 1024 2807; x_wconf 84' lang='lat' dir='ltr'><strong>debetur.</strong></span> 
     </span>
     <span class='ocr_line' id='line_1_25' title="bbox 247 2841 936 2921; baseline -0.007 -15"><span class='ocrx_word' id='word_1_156' title='bbox 247 2845 347 2919; x_wconf 85' lang='lat' dir='ltr'><strong>Ceesi,</strong></span> <span class='ocrx_word' id='word_1_157' title='bbox 363 2854 393 2904; x_wconf 90' lang='lat' dir='ltr'><strong>et</strong></span> <span class='ocrx_word' id='word_1_158' title='bbox 406 2845 525 2904; x_wconf 84' lang='lat' dir='ltr'><strong>subluto</strong></span> <span class='ocrx_word' id='word_1_159' title='bbox 538 2852 669 2903; x_wconf 86' lang='lat' dir='ltr'><strong>mentem</strong></span> <span class='ocrx_word' id='word_1_160' title='bbox 681 2843 817 2921; x_wconf 77' lang='lat' dir='ltr'><strong>genitore</strong></span> <span class='ocrx_word' id='word_1_161' title='bbox 831 2841 936 2921; x_wconf 81' lang='lat' dir='ltr'><strong>petivi.</strong></span> 
     </span>
    </p>
   </div>
   <div class='ocr_carea' id='block_1_3' title="bbox 568 3142 904 3157">
    <p class='ocr_par' dir='ltr' id='par_1_3' title="bbox 568 3142 904 3157">
     <span class='ocr_line' id='line_1_26' title="bbox 568 3142 904 3157; baseline -0.009 -1"><span class='ocrx_word' id='word_1_162' title='bbox 568 3142 904 3157; x_wconf 62' lang='lat' dir='ltr'>m</span> 
     </span>
    </p>
   </div>
   <div class='ocr_carea' id='block_1_4' title="bbox 576 3388 910 3462">
    <p class='ocr_par' dir='ltr' id='par_1_4' title="bbox 576 3388 910 3462">
     <span class='ocr_line' id='line_1_27' title="bbox 576 3388 910 3462; baseline 0.003 -1"><span class='ocrx_word' id='word_1_163' title='bbox 576 3388 910 3462; x_wconf 86' lang='lat' dir='ltr'><strong>AENEIDOS</strong></span> 
     </span>
    </p>
   </div>
   <div class='ocr_carea' id='block_1_5' title="bbox 612 3612 860 3673">
    <p class='ocr_par' dir='ltr' id='par_1_5' title="bbox 612 3612 860 3673">
     <span class='ocr_line' id='line_1_28' title="bbox 612 3612 860 3673; baseline 0 -1"><span class='ocrx_word' id='word_1_164' title='bbox 612 3612 766 3672; x_wconf 81' lang='lat' dir='ltr'>LIBER</span> <span class='ocrx_word' id='word_1_165' title='bbox 791 3612 860 3673; x_wconf 91' lang='lat'><strong>111.</strong></span> 
     </span>
    </p>
   </div>
   <div class='ocr_carea' id='block_1_6' title="bbox 238 3970 1229 4509">
    <p class='ocr_par' dir='ltr' id='par_1_6' title="bbox 241 3970 1044 4051">
     <span class='ocr_line' id='line_1_29' title="bbox 241 3970 1044 4051; baseline 0.005 -22"><span class='ocrx_word' id='word_1_166' title='bbox 241 3970 417 4037; x_wconf 76' lang='lat' dir='ltr'><strong>Pcsrcnsnr</strong></span> <span class='ocrx_word' id='word_1_167' title='bbox 428 3991 479 4033; x_wconf 91' lang='lat' dir='ltr'><strong>res</strong></span> <span class='ocrx_word' id='word_1_168' title='bbox 492 3974 574 4033; x_wconf 82' lang='lat' dir='ltr'><strong>Aeiae</strong></span> <span class='ocrx_word' id='word_1_169' title='bbox 587 3974 760 4051; x_wconf 76' lang='lat' dir='ltr'><strong>Priamique</strong></span> <span class='ocrx_word' id='word_1_170' title='bbox 773 3981 910 4032; x_wconf 78' lang='lat' dir='ltr'><strong>evertere</strong></span> <span class='ocrx_word' id='word_1_171' title='bbox 923 3980 1044 4051; x_wconf 77' lang='lat' dir='ltr'><strong>gentem</strong></span> 
     </span>
    </p>

    <p class='ocr_par' dir='ltr' id='par_1_7' title="bbox 241 4064 1045 4147">
     <span class='ocr_line' id='line_1_30' title="bbox 241 4064 1045 4147; baseline 0.004 -23"><span class='ocrx_word' id='word_1_172' title='bbox 241 4064 424 4125; x_wconf 84' lang='lat' dir='ltr'><strong>Immeritem</strong></span> <span class='ocrx_word' id='word_1_173' title='bbox 438 4068 533 4126; x_wconf 83' lang='lat' dir='ltr'><strong>visum</strong></span> <span class='ocrx_word' id='word_1_174' title='bbox 548 4070 682 4147; x_wconf 80' lang='lat' dir='ltr'><strong>Superis,</strong></span> <span class='ocrx_word' id='word_1_175' title='bbox 698 4068 866 4144; x_wconf 87' lang='lat' dir='ltr'><strong>ceciditque</strong></span> <span class='ocrx_word' id='word_1_176' title='bbox 884 4069 1045 4145; x_wconf 87' lang='lat' dir='ltr'><strong>superbum</strong></span> 
     </span>
    </p>

    <p class='ocr_par' dir='ltr' id='par_1_8' title="bbox 240 4157 1002 4239">
     <span class='ocr_line' id='line_1_31' title="bbox 240 4157 1002 4239; baseline 0.005 -22"><span class='ocrx_word' id='word_1_177' title='bbox 240 4157 339 4232; x_wconf 89' lang='lat' dir='ltr'><strong>Ilium,</strong></span> <span class='ocrx_word' id='word_1_178' title='bbox 357 4169 387 4219; x_wconf 89' lang='lat' dir='ltr'><strong>et</strong></span> <span class='ocrx_word' id='word_1_179' title='bbox 401 4162 497 4220; x_wconf 85' lang='lat' dir='ltr'><strong>omnis</strong></span> <span class='ocrx_word' id='word_1_180' title='bbox 510 4163 600 4221; x_wconf 87' lang='lat' dir='ltr'><strong>humo</strong></span> <span class='ocrx_word' id='word_1_181' title='bbox 614 4163 707 4221; x_wconf 79' lang='lat' dir='ltr'><strong>fumet</strong></span> <span class='ocrx_word' id='word_1_182' title='bbox 721 4162 874 4239; x_wconf 73' lang='lat' dir='ltr'><strong>Neptunia</strong></span> <span class='ocrx_word' id='word_1_183' title='bbox 886 4162 980 4238; x_wconf 82' lang='lat' dir='ltr'><strong>Trcju</strong></span> <span class='ocrx_word' id='word_1_184' title='bbox 995 4182 1002 4231; x_wconf 91' lang='lat'>;</span> 
     </span>
    </p>

    <p class='ocr_par' dir='ltr' id='par_1_9' title="bbox 238 4250 953 4331">
     <span class='ocr_line' id='line_1_32' title="bbox 238 4250 953 4331; baseline 0.007 -21"><span class='ocrx_word' id='word_1_185' title='bbox 238 4250 373 4311; x_wconf 70' lang='lat' dir='ltr'><strong>Diversa</strong></span> <span class='ocrx_word' id='word_1_186' title='bbox 386 4255 492 4313; x_wconf 85' lang='lat' dir='ltr'><strong>exsiiiu</strong></span> <span class='ocrx_word' id='word_1_187' title='bbox 506 4264 535 4313; x_wconf 86' lang='lat' dir='ltr'><strong>et</strong></span> <span class='ocrx_word' id='word_1_188' title='bbox 556 4256 692 4314; x_wconf 67' lang='lat' dir='ltr'><strong>desumus</strong></span> <span class='ocrx_word' id='word_1_189' title='bbox 705 4274 841 4331; x_wconf 81' lang='lat' dir='ltr'><strong>qumrere</strong></span> <span class='ocrx_word' id='word_1_190' title='bbox 855 4264 953 4315; x_wconf 82' lang='lat' dir='ltr'><strong>terres</strong></span> 
     </span>
    </p>

    <p class='ocr_par' dir='ltr' id='par_1_10' title="bbox 238 4346 1229 4509">
     <span class='ocr_line' id='line_1_33' title="bbox 238 4346 1229 4431; baseline 0 -24"><span class='ocrx_word' id='word_1_191' title='bbox 238 4346 387 4425; x_wconf 75' lang='lat' dir='ltr'><strong>Auguriis</strong></span> <span class='ocrx_word' id='word_1_192' title='bbox 400 4350 519 4427; x_wconf 83' lang='lat' dir='ltr'><strong>ugimnr</strong></span> <span class='ocrx_word' id='word_1_193' title='bbox 531 4351 631 4409; x_wconf 78' lang='lat' dir='ltr'><strong>divium</strong></span> <span class='ocrx_word' id='word_1_194' title='bbox 647 4368 655 4420; x_wconf 85' lang='lat'>3</span> <span class='ocrx_word' id='word_1_195' title='bbox 679 4350 867 4427; x_wconf 75' lang='lat' dir='ltr'><strong>classemque</strong></span> <span class='ocrx_word' id='word_1_196' title='bbox 881 4352 937 4409; x_wconf 88' lang='lat' dir='ltr'><strong>sub</strong></span> <span class='ocrx_word' id='word_1_197' title='bbox 951 4348 1018 4431; x_wconf 70' lang='lat' dir='ltr'><strong>ipsi</strong></span> <span class='ocrx_word' id='word_1_198' title='bbox 1208 4351 1229 4407; x_wconf 83' lang='lat' dir='ltr'><strong>d</strong></span> 
     </span>
     <span class='ocr_line' id='line_1_34' title="bbox 893 4462 914 4509; baseline 0 0"><span class='ocrx_word' id='word_1_199' title='bbox 893 4462 914 4509; x_wconf 67' lang='lat' dir='ltr'>Q</span> 
     </span>
    </p>
   </div>
   <div class='ocr_carea' id='block_1_7' title="bbox 0 0 1588 5234">
    <p class='ocr_par' dir='ltr' id='par_1_11' title="bbox 0 0 1588 5234">
     <span class='ocr_line' id='line_1_35' title="bbox 0 0 1588 5234; baseline 0 0"><span class='ocrx_word' id='word_1_200' title='bbox 0 0 1588 5234; x_wconf 95' lang='lat' dir='ltr'><strong> </strong></span> 
     </span>
    </p>
   </div>
  </div>
 </body>
</html>
