<?xml version="1.0" encoding="UTF-8"?>
<!DOCTYPE html PUBLIC "-//W3C//DTD XHTML 1.0 Transitional//EN"
    "http://www.w3.org/TR/xhtml1/DTD/xhtml1-transitional.dtd">
<html xmlns="http://www.w3.org/1999/xhtml" xml:lang="en" lang="en">
 <head>
  <title>
</title>
<meta http-equiv="Content-Type" content="text/html;charset=utf-8" />
  <meta name='ocr-system' content='tesseract 3.04.00' />
  <meta name='ocr-capabilities' content='ocr_page ocr_carea ocr_par ocr_line ocrx_word'/>
</head>
<body>
  <div class='ocr_page' id='page_1' title='image "./pvirgiliimaroni01bowegoog/pvirgiliimaroni01bowegoog_0108.png"; bbox 0 0 3167 5234; ppageno 0'>
   <div class='ocr_carea' id='block_1_1' title="bbox 352 552 1043 621">
    <p class='ocr_par' dir='ltr' id='par_1_1' title="bbox 352 552 1043 638">
     <span class='ocr_line' id='line_1_1' title="bbox 352 552 1043 621; baseline -0.014 -10"><span class='ocrx_word' id='word_1_1' title='bbox 352 562 406 621; x_wconf 77' lang='lat' dir='ltr'><strong>1oe</strong></span> <span class='ocrx_word' id='word_1_2' title='bbox 635 554 662 602; x_wconf 84' lang='lat' dir='ltr'><strong>r.</strong></span> <span class='ocrx_word' id='word_1_3' title='bbox 681 552 847 600; x_wconf 77' lang='lat' dir='ltr'>VIRGILII</span> <span class='ocrx_word' id='word_1_4' title='bbox 869 552 1043 601; x_wconf 75' lang='lat' dir='ltr'><strong>Minonis</strong></span> 
     </span>
    </p>
   </div>
   <div class='ocr_carea' id='block_1_2' title="bbox 349 662 1169 775">
    <p class='ocr_par' dir='ltr' id='par_1_2' title="bbox 349 662 1169 775">
     <span class='ocr_line' id='line_1_2' title="bbox 349 662 1169 775; baseline -0.006 -19"><span class='ocrx_word' id='word_1_5' title='bbox 349 662 453 765; x_wconf 63' lang='lat' dir='ltr'><strong>(illem</strong></span> <span class='ocrx_word' id='word_1_6' title='bbox 468 696 559 775; x_wconf 85' lang='lat' dir='ltr'><strong>sgite,</strong></span> <span class='ocrx_word' id='word_1_7' title='bbox 574 712 604 765; x_wconf 91' lang='lat' dir='ltr'><strong>o,</strong></span> <span class='ocrx_word' id='word_1_8' title='bbox 619 693 719 765; x_wconf 87' lang='lat' dir='ltr'><strong>tectis,</strong></span> <span class='ocrx_word' id='word_1_9' title='bbox 730 693 868 769; x_wconf 83' lang='lat' dir='ltr'><strong>juvenes,</strong></span> <span class='ocrx_word' id='word_1_10' title='bbox 883 688 1036 751; x_wconf 73' lang='lat' dir='ltr'><strong>succedite</strong></span> <span class='ocrx_word' id='word_1_11' title='bbox 1051 691 1169 751; x_wconf 87' lang='lat' dir='ltr'><strong>nostris.</strong></span> 
     </span>
    </p>
   </div>
   <div class='ocr_carea' id='block_1_3' title="bbox 347 782 1581 4411">
    <p class='ocr_par' dir='ltr' id='par_1_3' title="bbox 347 286 1581 4411">
     <span class='ocr_line' id='line_1_3' title="bbox 347 782 1109 868; baseline -0.009 -18"><span class='ocrx_word' id='word_1_12' title='bbox 347 790 399 849; x_wconf 91' lang='lat' dir='ltr'><strong>Me</strong></span> <span class='ocrx_word' id='word_1_13' title='bbox 415 782 534 868; x_wconf 86' lang='lat' dir='ltr'><strong>quoque</strong></span> <span class='ocrx_word' id='word_1_14' title='bbox 549 807 602 866; x_wconf 89' lang='lat' dir='ltr'><strong>per</strong></span> <span class='ocrx_word' id='word_1_15' title='bbox 615 787 723 846; x_wconf 85' lang='lat' dir='ltr'><strong>multos</strong></span> <span class='ocrx_word' id='word_1_16' title='bbox 736 786 840 845; x_wconf 88' lang='lat' dir='ltr'><strong>similis</strong></span> <span class='ocrx_word' id='word_1_17' title='bbox 854 786 971 843; x_wconf 72' lang='lat' dir='ltr'><strong>senune</strong></span> <span class='ocrx_word' id='word_1_18' title='bbox 989 786 1109 843; x_wconf 81' lang='lat' dir='ltr'><strong>labores</strong></span> 
     </span>
     <span class='ocr_line' id='line_1_4' title="bbox 347 876 1097 943; baseline -0.007 -1"><span class='ocrx_word' id='word_1_19' title='bbox 347 883 500 943; x_wconf 83' lang='lat' dir='ltr'><strong>Jectetem</strong></span> <span class='ocrx_word' id='word_1_20' title='bbox 514 880 573 941; x_wconf 74' lang='lat' dir='ltr'><strong>nso</strong></span> <span class='ocrx_word' id='word_1_21' title='bbox 586 880 704 938; x_wconf 85' lang='lat' dir='ltr'><strong>demum</strong></span> <span class='ocrx_word' id='word_1_22' title='bbox 718 879 810 938; x_wconf 79' lang='lat' dir='ltr'><strong>voluit</strong></span> <span class='ocrx_word' id='word_1_23' title='bbox 824 880 990 937; x_wconf 74' lang='lat' dir='ltr'><strong>consistere</strong></span> <span class='ocrx_word' id='word_1_24' title='bbox 1005 876 1097 937; x_wconf 76' lang='lat' dir='ltr'><strong>terrei.</strong></span> 
     </span>
     <span class='ocr_line' id='line_1_5' title="bbox 348 971 1337 1055; baseline -0.005 -20"><span class='ocrx_word' id='word_1_25' title='bbox 348 974 378 1035; x_wconf 84' lang='lat' dir='ltr'>N</span> <span class='ocrx_word' id='word_1_26' title='bbox 380 996 417 1035; x_wconf 91' lang='lat' dir='ltr'><strong>on</strong></span> <span class='ocrx_word' id='word_1_27' title='bbox 432 977 537 1055; x_wconf 80' lang='lat' dir='ltr'><strong>ignem</strong></span> <span class='ocrx_word' id='word_1_28' title='bbox 551 974 632 1044; x_wconf 86' lang='lat' dir='ltr'><strong>meli,</strong></span> <span class='ocrx_word' id='word_1_29' title='bbox 648 972 764 1032; x_wconf 87' lang='lat' dir='ltr'><strong>miseris</strong></span> <span class='ocrx_word' id='word_1_30' title='bbox 777 991 959 1031; x_wconf 75' lang='lat' dir='ltr'><strong>succurrere</strong></span> <span class='ocrx_word' id='word_1_31' title='bbox 972 971 1065 1031; x_wconf 88' lang='lat' dir='ltr'><strong>disco.</strong></span> <span class='ocrx_word' id='word_1_32' title='bbox 1277 972 1337 1031; x_wconf 81' lang='grc'><strong>660</strong></span> 
     </span>
     <span class='ocr_line' id='line_1_6' title="bbox 389 1064 1106 1143; baseline -0.007 -15"><span class='ocrx_word' id='word_1_33' title='bbox 389 1072 439 1128; x_wconf 89' lang='lat' dir='ltr'><strong>Sic</strong></span> <span class='ocrx_word' id='word_1_34' title='bbox 454 1077 596 1128; x_wconf 83' lang='lat' dir='ltr'><strong>memoret</strong></span> <span class='ocrx_word' id='word_1_35' title='bbox 610 1086 618 1137; x_wconf 86' lang='lat'><em>3</em></span> <span class='ocrx_word' id='word_1_36' title='bbox 642 1066 729 1125; x_wconf 90' lang='lat' dir='ltr'><strong>simul</strong></span> <span class='ocrx_word' id='word_1_37' title='bbox 745 1066 865 1125; x_wconf 78' lang='lat' dir='ltr'><strong>AEneen</strong></span> <span class='ocrx_word' id='word_1_38' title='bbox 880 1066 910 1123; x_wconf 91' lang='lat' dir='ltr'><strong>in</strong></span> <span class='ocrx_word' id='word_1_39' title='bbox 924 1066 1011 1143; x_wconf 83' lang='lat' dir='ltr'><strong>regie</strong></span> <span class='ocrx_word' id='word_1_40' title='bbox 1025 1064 1106 1123; x_wconf 84' lang='lat' dir='ltr'><strong>ducit</strong></span> 
     </span>
     <span class='ocr_line' id='line_1_7' title="bbox 350 1157 1084 1237; baseline -0.007 -16"><span class='ocrx_word' id='word_1_41' title='bbox 350 1161 456 1234; x_wconf 85' lang='lat' dir='ltr'><strong>Tecta,</strong></span> <span class='ocrx_word' id='word_1_42' title='bbox 473 1162 559 1219; x_wconf 88' lang='lat' dir='ltr'><strong>simul</strong></span> <span class='ocrx_word' id='word_1_43' title='bbox 573 1157 672 1219; x_wconf 74' lang='lat' dir='ltr'><strong>diutim</strong></span> <span class='ocrx_word' id='word_1_44' title='bbox 686 1160 804 1237; x_wconf 87' lang='lat' dir='ltr'><strong>templis</strong></span> <span class='ocrx_word' id='word_1_45' title='bbox 818 1159 920 1218; x_wconf 78' lang='lat' dir='ltr'><strong>indicit</strong></span> <span class='ocrx_word' id='word_1_46' title='bbox 934 1159 1084 1217; x_wconf 88' lang='lat' dir='ltr'><strong>honorem.</strong></span> 
     </span>
     <span class='ocr_line' id='line_1_8' title="bbox 349 1250 1023 1316; baseline -0.009 0"><span class='ocrx_word' id='word_1_47' title='bbox 349 1255 417 1316; x_wconf 88' lang='lat' dir='ltr'><strong>Nec</strong></span> <span class='ocrx_word' id='word_1_48' title='bbox 430 1254 527 1313; x_wconf 75' lang='lat' dir='ltr'><strong>minus</strong></span> <span class='ocrx_word' id='word_1_49' title='bbox 539 1255 656 1312; x_wconf 79' lang='lat' dir='ltr'><strong>interce</strong></span> <span class='ocrx_word' id='word_1_50' title='bbox 668 1253 759 1312; x_wconf 91' lang='lat' dir='ltr'><strong>sociis</strong></span> <span class='ocrx_word' id='word_1_51' title='bbox 773 1252 811 1310; x_wconf 84' lang='lat' dir='ltr'><strong>sd</strong></span> <span class='ocrx_word' id='word_1_52' title='bbox 825 1254 923 1311; x_wconf 83' lang='lat' dir='ltr'><strong>littore</strong></span> <span class='ocrx_word' id='word_1_53' title='bbox 936 1250 1023 1311; x_wconf 86' lang='lat' dir='ltr'><strong>mittit</strong></span> 
     </span>
     <span class='ocr_line' id='line_1_9' title="bbox 348 1346 1581 1426; baseline -0.005 -20"><span class='ocrx_word' id='word_1_54' title='bbox 348 1348 464 1426; x_wconf 78' lang='lat' dir='ltr'><strong>Viginti</strong></span> <span class='ocrx_word' id='word_1_55' title='bbox 477 1355 590 1418; x_wconf 85' lang='lat' dir='ltr'><strong>tsuros,</strong></span> <span class='ocrx_word' id='word_1_56' title='bbox 604 1365 779 1425; x_wconf 73' lang='lat' dir='ltr'><strong>magnorum</strong></span> <span class='ocrx_word' id='word_1_57' title='bbox 793 1346 945 1404; x_wconf 79' lang='lat' dir='ltr'><strong>horrentia</strong></span> <span class='ocrx_word' id='word_1_58' title='bbox 958 1354 1078 1403; x_wconf 89' lang='lat' dir='ltr'><strong>centum</strong></span> <span class='ocrx_word' id='word_1_59' title='bbox 1580 1350 1581 1411; x_wconf 73' lang='lat' dir='ltr'><strong>l</strong></span> 
     </span>
     <span class='ocr_line' id='line_1_10' title="bbox 347 1438 1355 1519; baseline 0 -20"><span class='ocrx_word' id='word_1_60' title='bbox 347 1438 453 1519; x_wconf 79' lang='lat' dir='ltr'><strong>&#39;Perge</strong></span> <span class='ocrx_word' id='word_1_61' title='bbox 465 1460 563 1513; x_wconf 87' lang='lat' dir='ltr'><strong>suum,</strong></span> <span class='ocrx_word' id='word_1_62' title='bbox 580 1442 707 1519; x_wconf 87' lang='lat' dir='ltr'><strong>pingues</strong></span> <span class='ocrx_word' id='word_1_63' title='bbox 721 1447 843 1498; x_wconf 90' lang='lat' dir='ltr'><strong>centum</strong></span> <span class='ocrx_word' id='word_1_64' title='bbox 855 1458 923 1497; x_wconf 86' lang='lat' dir='ltr'><strong>cum</strong></span> <span class='ocrx_word' id='word_1_65' title='bbox 937 1439 1080 1497; x_wconf 70' lang='lat' dir='ltr'><strong>matribus</strong></span> <span class='ocrx_word' id='word_1_66' title='bbox 1094 1456 1189 1517; x_wconf 85' lang='lat' dir='ltr'><strong>eguus</strong></span> <span class='ocrx_word' id='word_1_67' title='bbox 1203 1458 1211 1510; x_wconf 80' lang='lat'>3</span> <span class='ocrx_word' id='word_1_68' title='bbox 1277 1440 1337 1499; x_wconf 74' lang='lat'><strong>6³5</strong></span> <span class='ocrx_word' id='word_1_69' title='bbox 1352 1446 1355 1452; x_wconf 89' lang='lat'>&#39;</span> 
     </span>
     <span class='ocr_line' id='line_1_11' title="bbox 349 1532 747 1610; baseline -0.003 -18"><span class='ocrx_word' id='word_1_70' title='bbox 349 1533 479 1593; x_wconf 83' lang='lat' dir='ltr'><strong>Munere</strong></span> <span class='ocrx_word' id='word_1_71' title='bbox 490 1534 684 1610; x_wconf 73' lang='lat' dir='ltr'><strong>letitiamque</strong></span> <span class='ocrx_word' id='word_1_72' title='bbox 697 1532 747 1591; x_wconf 87' lang='lat' dir='ltr'><strong>dii.</strong></span> 
     </span>
     <span class='ocr_line' id='line_1_12' title="bbox 387 1625 1051 1704; baseline -0.005 -16"><span class='ocrx_word' id='word_1_73' title='bbox 387 1629 428 1688; x_wconf 84' lang='lat' dir='ltr'><strong>At</strong></span> <span class='ocrx_word' id='word_1_74' title='bbox 442 1626 546 1687; x_wconf 87' lang='lat' dir='ltr'><strong>domus</strong></span> <span class='ocrx_word' id='word_1_75' title='bbox 559 1627 682 1685; x_wconf 87' lang='lat' dir='ltr'><strong>interior</strong></span> <span class='ocrx_word' id='word_1_76' title='bbox 695 1626 790 1704; x_wconf 81' lang='lat' dir='ltr'><strong>regali</strong></span> <span class='ocrx_word' id='word_1_77' title='bbox 805 1625 960 1703; x_wconf 87' lang='lat' dir='ltr'><strong>splendide</strong></span> <span class='ocrx_word' id='word_1_78' title='bbox 980 1626 1051 1685; x_wconf 84' lang='lat' dir='ltr'><strong>luxu</strong></span> 
     </span>
     <span class='ocr_line' id='line_1_13' title="bbox 349 1720 1081 1797; baseline 0 -18"><span class='ocrx_word' id='word_1_79' title='bbox 349 1720 519 1791; x_wconf 87' lang='lat' dir='ltr'><strong>Instruitur‚</strong></span> <span class='ocrx_word' id='word_1_80' title='bbox 535 1720 700 1797; x_wconf 88' lang='lat' dir='ltr'><strong>mediisque</strong></span> <span class='ocrx_word' id='word_1_81' title='bbox 714 1728 821 1797; x_wconf 76' lang='lat' dir='ltr'><strong>perant</strong></span> <span class='ocrx_word' id='word_1_82' title='bbox 835 1720 972 1777; x_wconf 85' lang='lat' dir='ltr'><strong>convivis</strong></span> <span class='ocrx_word' id='word_1_83' title='bbox 985 1720 1081 1779; x_wconf 84' lang='lat' dir='ltr'><strong>tectis.</strong></span> 
     </span>
     <span class='ocr_line' id='line_1_14' title="bbox 349 1812 1030 1890; baseline -0.003 -17"><span class='ocrx_word' id='word_1_84' title='bbox 349 1812 425 1873; x_wconf 84' lang='lat' dir='ltr'><strong>Arte</strong></span> <span class='ocrx_word' id='word_1_85' title='bbox 439 1814 583 1873; x_wconf 79' lang='lat' dir='ltr'><strong>leborstse</strong></span> <span class='ocrx_word' id='word_1_86' title='bbox 596 1821 707 1884; x_wconf 82' lang='lat' dir='ltr'><strong>vestes,</strong></span> <span class='ocrx_word' id='word_1_87' title='bbox 723 1820 865 1889; x_wconf 82' lang='lat' dir='ltr'><strong>ostroque</strong></span> <span class='ocrx_word' id='word_1_88' title='bbox 878 1815 1009 1890; x_wconf 86' lang='lat' dir='ltr'><strong>superbo</strong></span> <span class='ocrx_word' id='word_1_89' title='bbox 1023 1832 1030 1884; x_wconf 89' lang='grc'><strong>;</strong></span> 
     </span>
     <span class='ocr_line' id='line_1_15' title="bbox 348 1904 1339 1984; baseline 0 -19"><span class='ocrx_word' id='word_1_90' title='bbox 348 1904 463 1984; x_wconf 83' lang='lat' dir='ltr'><strong>Ingens</strong></span> <span class='ocrx_word' id='word_1_91' title='bbox 477 1914 634 1984; x_wconf 79' lang='lat' dir='ltr'><strong>argentum</strong></span> <span class='ocrx_word' id='word_1_92' title='bbox 647 1907 768 1977; x_wconf 86' lang='lat' dir='ltr'><strong>mensis,</strong></span> <span class='ocrx_word' id='word_1_93' title='bbox 783 1906 951 1982; x_wconf 81' lang='lat' dir='ltr'><strong>caelsteque</strong></span> <span class='ocrx_word' id='word_1_94' title='bbox 965 1906 995 1965; x_wconf 94' lang='lat' dir='ltr'><strong>in</strong></span> <span class='ocrx_word' id='word_1_95' title='bbox 1010 1926 1084 1965; x_wconf 89' lang='lat' dir='ltr'><strong>euro</strong></span> <span class='ocrx_word' id='word_1_96' title='bbox 1280 1906 1339 1965; x_wconf 76' lang='grc'><strong>646</strong></span> 
     </span>
     <span class='ocr_line' id='line_1_16' title="bbox 349 1998 1114 2077; baseline 0 -19"><span class='ocrx_word' id='word_1_97' title='bbox 349 1999 455 2058; x_wconf 83' lang='lat' dir='ltr'><strong>Fortis</strong></span> <span class='ocrx_word' id='word_1_98' title='bbox 467 1999 548 2057; x_wconf 80' lang='lat' dir='ltr'><strong>secte</strong></span> <span class='ocrx_word' id='word_1_99' title='bbox 560 2006 688 2077; x_wconf 84' lang='lat' dir='ltr'><strong>petrum,</strong></span> <span class='ocrx_word' id='word_1_100' title='bbox 704 1998 799 2057; x_wconf 86' lang='lat' dir='ltr'><strong>series</strong></span> <span class='ocrx_word' id='word_1_101' title='bbox 813 1999 986 2077; x_wconf 83' lang='lat' dir='ltr'><strong>longissime</strong></span> <span class='ocrx_word' id='word_1_102' title='bbox 1004 2018 1114 2072; x_wconf 86' lang='lat' dir='ltr'><strong>rerum,</strong></span> 
     </span>
     <span class='ocr_line' id='line_1_17' title="bbox 349 2090 1106 2170; baseline 0.003 -19"><span class='ocrx_word' id='word_1_103' title='bbox 349 2091 411 2152; x_wconf 90' lang='lat' dir='ltr'><strong>Per</strong></span> <span class='ocrx_word' id='word_1_104' title='bbox 423 2100 466 2151; x_wconf 89' lang='lat' dir='ltr'><strong>tot</strong></span> <span class='ocrx_word' id='word_1_105' title='bbox 480 2092 571 2151; x_wconf 88' lang='lat' dir='ltr'><strong>ducte</strong></span> <span class='ocrx_word' id='word_1_106' title='bbox 585 2092 665 2150; x_wconf 83' lang='lat' dir='ltr'><strong>uiros</strong></span> <span class='ocrx_word' id='word_1_107' title='bbox 679 2090 804 2168; x_wconf 73' lang='lat' dir='ltr'><strong>entiqud</strong></span> <span class='ocrx_word' id='word_1_108' title='bbox 818 2094 856 2149; x_wconf 80' lang='lat' dir='ltr'><strong>sb</strong></span> <span class='ocrx_word' id='word_1_109' title='bbox 870 2093 985 2170; x_wconf 86' lang='lat' dir='ltr'><strong>origine</strong></span> <span class='ocrx_word' id='word_1_110' title='bbox 999 2092 1106 2169; x_wconf 85' lang='lat' dir='ltr'><strong>gentis.</strong></span> 
     </span>
     <span class='ocr_line' id='line_1_18' title="bbox 389 2184 1181 2263; baseline 0.001 -19"><span class='ocrx_word' id='word_1_111' title='bbox 389 2186 510 2244; x_wconf 84' lang='lat' dir='ltr'><strong>AEnees</strong></span> <span class='ocrx_word' id='word_1_112' title='bbox 526 2184 638 2263; x_wconf 89' lang='lat' dir='ltr'><strong>(neque</strong></span> <span class='ocrx_word' id='word_1_113' title='bbox 652 2186 732 2243; x_wconf 87' lang='lat' dir='ltr'><strong>enim</strong></span> <span class='ocrx_word' id='word_1_114' title='bbox 745 2186 859 2263; x_wconf 81' lang='lat' dir='ltr'><strong>patrius</strong></span> <span class='ocrx_word' id='word_1_115' title='bbox 872 2186 1038 2245; x_wconf 75' lang='lat' dir='ltr'><strong>consistere</strong></span> <span class='ocrx_word' id='word_1_116' title='bbox 1053 2193 1181 2245; x_wconf 84' lang='lat' dir='ltr'><strong>mentem</strong></span> 
     </span>
     <span class='ocr_line' id='line_1_19' title="bbox 350 2278 1211 2357; baseline 0 -18"><span class='ocrx_word' id='word_1_117' title='bbox 350 2279 465 2339; x_wconf 71' lang='lat' dir='ltr'><strong>Passus</strong></span> <span class='ocrx_word' id='word_1_118' title='bbox 479 2280 576 2355; x_wconf 87' lang='lat' dir='ltr'><strong>emor)</strong></span> <span class='ocrx_word' id='word_1_119' title='bbox 591 2278 726 2356; x_wconf 87' lang='lat' dir='ltr'><strong>repidum</strong></span> <span class='ocrx_word' id='word_1_120' title='bbox 740 2280 779 2338; x_wconf 85' lang='lat' dir='ltr'><strong>sd</strong></span> <span class='ocrx_word' id='word_1_121' title='bbox 791 2298 885 2337; x_wconf 86' lang='lat' dir='ltr'><strong>neves</strong></span> <span class='ocrx_word' id='word_1_122' title='bbox 900 2279 1049 2357; x_wconf 81' lang='lat' dir='ltr'><strong>praemiltit</strong></span> <span class='ocrx_word' id='word_1_123' title='bbox 1062 2280 1211 2353; x_wconf 71' lang='lat' dir='ltr'><strong>Achaten,</strong></span> 
     </span>
     <span class='ocr_line' id='line_1_20' title="bbox 349 2371 1125 2450; baseline -0.003 -15"><span class='ocrx_word' id='word_1_124' title='bbox 349 2372 484 2435; x_wconf 59' lang='lat' dir='ltr'><strong>moenio</strong></span> <span class='ocrx_word' id='word_1_125' title='bbox 498 2372 574 2431; x_wconf 85' lang='lat' dir='ltr'><strong>feret</strong></span> <span class='ocrx_word' id='word_1_126' title='bbox 589 2373 665 2444; x_wconf 79' lang='lat' dir='ltr'><strong>haec,</strong></span> <span class='ocrx_word' id='word_1_127' title='bbox 681 2373 837 2450; x_wconf 89' lang='lat' dir='ltr'><strong>ipsumque</strong></span> <span class='ocrx_word' id='word_1_128' title='bbox 852 2371 889 2431; x_wconf 87' lang='lat' dir='ltr'><strong>ed</strong></span> <span class='ocrx_word' id='word_1_129' title='bbox 904 2374 1014 2431; x_wconf 80' lang='lat' dir='ltr'><strong>moenie</strong></span> <span class='ocrx_word' id='word_1_130' title='bbox 1026 2371 1125 2433; x_wconf 82' lang='lat' dir='ltr'><strong>ducat.</strong></span> 
     </span>
     <span class='ocr_line' id='line_1_21' title="bbox 349 2465 1041 2545; baseline -0.001 -19"><span class='ocrx_word' id='word_1_131' title='bbox 349 2466 455 2526; x_wconf 88' lang='lat' dir='ltr'><strong>Omnis</strong></span> <span class='ocrx_word' id='word_1_132' title='bbox 470 2465 500 2524; x_wconf 91' lang='lat' dir='ltr'><strong>in</strong></span> <span class='ocrx_word' id='word_1_133' title='bbox 514 2466 646 2524; x_wconf 80' lang='lat' dir='ltr'><strong>Ascanio</strong></span> <span class='ocrx_word' id='word_1_134' title='bbox 659 2465 724 2525; x_wconf 87' lang='lat' dir='ltr'><strong>ceri</strong></span> <span class='ocrx_word' id='word_1_135' title='bbox 738 2475 797 2525; x_wconf 87' lang='lat' dir='ltr'><strong>stet</strong></span> <span class='ocrx_word' id='word_1_136' title='bbox 811 2485 886 2525; x_wconf 85' lang='lat' dir='ltr'><strong>cure</strong></span> <span class='ocrx_word' id='word_1_137' title='bbox 900 2466 1041 2545; x_wconf 84' lang='lat' dir='ltr'><strong>parentis.</strong></span> 
     </span>
     <span class='ocr_line' id='line_1_22' title="bbox 349 2558 1011 2636; baseline 0 -19"><span class='ocrx_word' id='word_1_138' title='bbox 349 2558 481 2617; x_wconf 86' lang='lat' dir='ltr'><strong>Munere</strong></span> <span class='ocrx_word' id='word_1_139' title='bbox 496 2567 653 2636; x_wconf 80' lang='lat' dir='ltr'><strong>proeteree,</strong></span> <span class='ocrx_word' id='word_1_140' title='bbox 671 2558 773 2618; x_wconf 77' lang='lat' dir='ltr'><strong>Iliacis</strong></span> <span class='ocrx_word' id='word_1_141' title='bbox 787 2567 893 2636; x_wconf 82' lang='lat' dir='ltr'><strong>erepte</strong></span> <span class='ocrx_word' id='word_1_142' title='bbox 907 2559 1011 2631; x_wconf 87' lang='lat' dir='ltr'><strong>ruinis,</strong></span> 
     </span>
     <span class='ocr_line' id='line_1_23' title="bbox 351 2652 1132 2731; baseline 0.004 -23"><span class='ocrx_word' id='word_1_143' title='bbox 351 2652 447 2709; x_wconf 88' lang='lat' dir='ltr'><strong>Ferre</strong></span> <span class='ocrx_word' id='word_1_144' title='bbox 463 2652 549 2728; x_wconf 88' lang='lat' dir='ltr'><strong>jubet</strong></span> <span class='ocrx_word' id='word_1_145' title='bbox 563 2671 571 2721; x_wconf 87' lang='lat'><strong>;</strong></span> <span class='ocrx_word' id='word_1_146' title='bbox 596 2652 706 2729; x_wconf 81' lang='lat' dir='ltr'><strong>pellem</strong></span> <span class='ocrx_word' id='word_1_147' title='bbox 718 2653 813 2731; x_wconf 87' lang='lat' dir='ltr'><strong>signis</strong></span> <span class='ocrx_word' id='word_1_148' title='bbox 827 2672 962 2731; x_wconf 81' lang='lat' dir='ltr'><strong>auroque</strong></span> <span class='ocrx_word' id='word_1_149' title='bbox 976 2652 1132 2731; x_wconf 79' lang='lat' dir='ltr'><strong>rigentem,</strong></span> 
     </span>
     <span class='ocr_line' id='line_1_24' title="bbox 351 2744 1062 2817; baseline 0.001 -15"><span class='ocrx_word' id='word_1_150' title='bbox 351 2744 392 2803; x_wconf 81' lang='lat' dir='ltr'><strong>Et</strong></span> <span class='ocrx_word' id='word_1_151' title='bbox 407 2744 634 2803; x_wconf 80' lang='lat' dir='ltr'><strong>circumtextum</strong></span> <span class='ocrx_word' id='word_1_152' title='bbox 647 2765 757 2805; x_wconf 90' lang='lat' dir='ltr'><strong>croceo</strong></span> <span class='ocrx_word' id='word_1_153' title='bbox 770 2747 907 2805; x_wconf 75' lang='lat' dir='ltr'><strong>uelamen</strong></span> <span class='ocrx_word' id='word_1_154' title='bbox 922 2747 1062 2817; x_wconf 71' lang='lat' dir='ltr'><strong>acantho,</strong></span> 
     </span>
     <span class='ocr_line' id='line_1_25' title="bbox 350 2837 1341 2917; baseline 0.002 -20"><span class='ocrx_word' id='word_1_155' title='bbox 350 2837 484 2897; x_wconf 76' lang='lat' dir='ltr'><strong>Ornatus</strong></span> <span class='ocrx_word' id='word_1_156' title='bbox 497 2838 619 2915; x_wconf 78' lang='lat' dir='ltr'><strong>Argivis</strong></span> <span class='ocrx_word' id='word_1_157' title='bbox 633 2838 763 2899; x_wconf 74' lang='lat' dir='ltr'><strong>Helenes</strong></span> <span class='ocrx_word' id='word_1_158' title='bbox 777 2859 785 2909; x_wconf 89' lang='lat'>;</span> <span class='ocrx_word' id='word_1_159' title='bbox 809 2859 884 2917; x_wconf 89' lang='lat' dir='ltr'><strong>quos</strong></span> <span class='ocrx_word' id='word_1_160' title='bbox 898 2840 950 2898; x_wconf 88' lang='lat' dir='ltr'><strong>ille</strong></span> <span class='ocrx_word' id='word_1_161' title='bbox 962 2839 1112 2917; x_wconf 84' lang='lat' dir='ltr'><strong>Mycenis,</strong></span> <span class='ocrx_word' id='word_1_162' title='bbox 1282 2840 1341 2899; x_wconf 79' lang='grc'><strong>650</strong></span> 
     </span>
     <span class='ocr_line' id='line_1_26' title="bbox 351 2929 1212 3009; baseline 0.002 -20"><span class='ocrx_word' id='word_1_163' title='bbox 351 2929 502 3008; x_wconf 86' lang='lat' dir='ltr'><strong>Pergume</strong></span> <span class='ocrx_word' id='word_1_164' title='bbox 516 2951 606 3007; x_wconf 90' lang='lat' dir='ltr'><strong>quum</strong></span> <span class='ocrx_word' id='word_1_165' title='bbox 621 2940 737 3008; x_wconf 87' lang='lat' dir='ltr'><strong>peteret</strong></span> <span class='ocrx_word' id='word_1_166' title='bbox 749 2933 1002 3009; x_wconf 85' lang='lat' dir='ltr'><strong>inconcessosque</strong></span> <span class='ocrx_word' id='word_1_167' title='bbox 1017 2932 1212 3009; x_wconf 68' lang='lat' dir='ltr'><strong>Hymessos,</strong></span> 
     </span>
     <span class='ocr_line' id='line_1_27' title="bbox 351 3023 1026 3094; baseline 0.004 -13"><span class='ocrx_word' id='word_1_168' title='bbox 351 3023 520 3094; x_wconf 81' lang='lat' dir='ltr'><strong>Extulerst‚</strong></span> <span class='ocrx_word' id='word_1_169' title='bbox 535 3025 639 3083; x_wconf 85' lang='lat' dir='ltr'><strong>metris</strong></span> <span class='ocrx_word' id='word_1_170' title='bbox 651 3024 746 3083; x_wconf 79' lang='lat' dir='ltr'><strong>Ledae</strong></span> <span class='ocrx_word' id='word_1_171' title='bbox 759 3026 894 3083; x_wconf 83' lang='lat' dir='ltr'><strong>mirabile</strong></span> <span class='ocrx_word' id='word_1_172' title='bbox 908 3026 1026 3085; x_wconf 87' lang='lat' dir='ltr'><strong>donum.</strong></span> 
     </span>
     <span class='ocr_line' id='line_1_28' title="bbox 352 3114 1132 3197; baseline 0.006 -24"><span class='ocrx_word' id='word_1_173' title='bbox 352 3114 507 3174; x_wconf 78' lang='lat' dir='ltr'><strong>Proeteree</strong></span> <span class='ocrx_word' id='word_1_174' title='bbox 521 3125 682 3193; x_wconf 87' lang='lat' dir='ltr'><strong>sceptrum,</strong></span> <span class='ocrx_word' id='word_1_175' title='bbox 699 3118 793 3176; x_wconf 89' lang='lat' dir='ltr'><strong>llione</strong></span> <span class='ocrx_word' id='word_1_176' title='bbox 810 3118 886 3195; x_wconf 87' lang='lat' dir='ltr'><strong>quod</strong></span> <span class='ocrx_word' id='word_1_177' title='bbox 901 3127 1038 3197; x_wconf 77' lang='lat' dir='ltr'><strong>gesserat</strong></span> <span class='ocrx_word' id='word_1_178' title='bbox 1053 3119 1132 3191; x_wconf 86' lang='lat' dir='ltr'><strong>olim,</strong></span> 
     </span>
     <span class='ocr_line' id='line_1_29' title="bbox 351 3207 1051 3289; baseline 0.009 -24"><span class='ocrx_word' id='word_1_179' title='bbox 351 3207 485 3267; x_wconf 77' lang='lat' dir='ltr'><strong>Maxime</strong></span> <span class='ocrx_word' id='word_1_180' title='bbox 500 3216 636 3269; x_wconf 84' lang='lat' dir='ltr'><strong>ueterum</strong></span> <span class='ocrx_word' id='word_1_181' title='bbox 650 3211 773 3283; x_wconf 75' lang='lat' dir='ltr'><strong>Priami,</strong></span> <span class='ocrx_word' id='word_1_182' title='bbox 789 3212 928 3289; x_wconf 92' lang='lat' dir='ltr'><strong>colloque</strong></span> <span class='ocrx_word' id='word_1_183' title='bbox 944 3212 1051 3271; x_wconf 88' lang='lat' dir='ltr'><strong>monile</strong></span> 
     </span>
     <span class='ocr_line' id='line_1_30' title="bbox 351 3300 1341 3383; baseline 0.006 -22"><span class='ocrx_word' id='word_1_184' title='bbox 351 3300 528 3374; x_wconf 84' lang='lat' dir='ltr'><strong>Beccatum,</strong></span> <span class='ocrx_word' id='word_1_185' title='bbox 545 3311 575 3360; x_wconf 94' lang='lat' dir='ltr'><strong>et</strong></span> <span class='ocrx_word' id='word_1_186' title='bbox 588 3304 737 3381; x_wconf 86' lang='lat' dir='ltr'><strong>duplicem</strong></span> <span class='ocrx_word' id='word_1_187' title='bbox 749 3306 875 3383; x_wconf 87' lang='lat' dir='ltr'><strong>gemmis</strong></span> <span class='ocrx_word' id='word_1_188' title='bbox 889 3324 1023 3382; x_wconf 77' lang='lat' dir='ltr'><strong>auroque</strong></span> <span class='ocrx_word' id='word_1_189' title='bbox 1037 3324 1187 3365; x_wconf 76' lang='lat' dir='ltr'><strong>coronam.</strong></span> <span class='ocrx_word' id='word_1_190' title='bbox 1283 3307 1341 3367; x_wconf 79' lang='grc'><strong>655</strong></span> 
     </span>
     <span class='ocr_line' id='line_1_31' title="bbox 351 3394 1142 3469; baseline 0.009 -16"><span class='ocrx_word' id='word_1_191' title='bbox 351 3394 432 3454; x_wconf 80' lang='lat' dir='ltr'><strong>Haec</strong></span> <span class='ocrx_word' id='word_1_192' title='bbox 447 3396 595 3469; x_wconf 83' lang='lat' dir='ltr'><strong>celerans,</strong></span> <span class='ocrx_word' id='word_1_193' title='bbox 611 3398 668 3455; x_wconf 88' lang='lat' dir='ltr'><strong>iter</strong></span> <span class='ocrx_word' id='word_1_194' title='bbox 681 3397 720 3457; x_wconf 83' lang='lat' dir='ltr'><strong>ed</strong></span> <span class='ocrx_word' id='word_1_195' title='bbox 733 3418 826 3457; x_wconf 81' lang='lat' dir='ltr'><strong>neves</strong></span> <span class='ocrx_word' id='word_1_196' title='bbox 842 3398 983 3457; x_wconf 85' lang='lat' dir='ltr'><strong>tendebst</strong></span> <span class='ocrx_word' id='word_1_197' title='bbox 998 3396 1142 3461; x_wconf 77' lang='lat' dir='ltr'><strong>Achates.</strong></span> 
     </span>
     <span class='ocr_line' id='line_1_32' title="bbox 392 3488 1157 3569; baseline 0.004 -23"><span class='ocrx_word' id='word_1_198' title='bbox 392 3489 432 3546; x_wconf 82' lang='lat' dir='ltr'><strong>At</strong></span> <span class='ocrx_word' id='word_1_199' title='bbox 447 3488 602 3565; x_wconf 78' lang='lat' dir='ltr'><strong>Cytherea</strong></span> <span class='ocrx_word' id='word_1_200' title='bbox 614 3510 708 3549; x_wconf 85' lang='lat' dir='ltr'><strong>noves</strong></span> <span class='ocrx_word' id='word_1_201' title='bbox 722 3500 814 3561; x_wconf 80' lang='lat' dir='ltr'><strong>estes,</strong></span> <span class='ocrx_word' id='word_1_202' title='bbox 831 3510 909 3550; x_wconf 85' lang='lat' dir='ltr'><strong>nove</strong></span> <span class='ocrx_word' id='word_1_203' title='bbox 922 3499 1043 3569; x_wconf 89' lang='lat' dir='ltr'><strong>pectore</strong></span> <span class='ocrx_word' id='word_1_204' title='bbox 1058 3500 1157 3549; x_wconf 83' lang='lat' dir='ltr'><strong>verset</strong></span> 
     </span>
     <span class='ocr_line' id='line_1_33' title="bbox 353 3580 1077 3662; baseline 0 -20"><span class='ocrx_word' id='word_1_205' title='bbox 353 3580 511 3651; x_wconf 82' lang='lat' dir='ltr'><strong>Consilie3</strong></span> <span class='ocrx_word' id='word_1_206' title='bbox 536 3592 568 3641; x_wconf 91' lang='lat' dir='ltr'><strong>ut</strong></span> <span class='ocrx_word' id='word_1_207' title='bbox 581 3583 689 3643; x_wconf 77' lang='lat' dir='ltr'><strong>faciem</strong></span> <span class='ocrx_word' id='word_1_208' title='bbox 703 3592 833 3643; x_wconf 83' lang='lat' dir='ltr'><strong>mutatus</strong></span> <span class='ocrx_word' id='word_1_209' title='bbox 848 3594 877 3643; x_wconf 87' lang='lat' dir='ltr'><strong>et</strong></span> <span class='ocrx_word' id='word_1_210' title='bbox 891 3605 945 3643; x_wconf 85' lang='lat' dir='ltr'><strong>ore</strong></span> <span class='ocrx_word' id='word_1_211' title='bbox 959 3585 1077 3662; x_wconf 86' lang='lat' dir='ltr'><strong>Cupido</strong></span> 
     </span>
     <span class='ocr_line' id='line_1_34' title="bbox 351 3674 1105 3755; baseline 0.004 -21"><span class='ocrx_word' id='word_1_212' title='bbox 351 3674 412 3734; x_wconf 92' lang='lat' dir='ltr'><strong>Pro</strong></span> <span class='ocrx_word' id='word_1_213' title='bbox 426 3675 507 3733; x_wconf 95' lang='lat' dir='ltr'><strong>dulci</strong></span> <span class='ocrx_word' id='word_1_214' title='bbox 521 3676 654 3735; x_wconf 80' lang='lat' dir='ltr'><strong>Asconio</strong></span> <span class='ocrx_word' id='word_1_215' title='bbox 668 3677 778 3749; x_wconf 83' lang='lat' dir='ltr'><strong>ueniet,</strong></span> <span class='ocrx_word' id='word_1_216' title='bbox 795 3677 938 3755; x_wconf 88' lang='lat' dir='ltr'><strong>donisque</strong></span> <span class='ocrx_word' id='word_1_217' title='bbox 959 3678 1105 3737; x_wconf 77' lang='lat' dir='ltr'><strong>furentem</strong></span> 
     </span>
     <span class='ocr_line' id='line_1_35' title="bbox 353 3766 1342 3851; baseline 0.004 -24"><span class='ocrx_word' id='word_1_218' title='bbox 353 3766 499 3827; x_wconf 84' lang='lat' dir='ltr'><strong>Incendet</strong></span> <span class='ocrx_word' id='word_1_219' title='bbox 511 3770 657 3849; x_wconf 84' lang='lat' dir='ltr'><strong>reginem,</strong></span> <span class='ocrx_word' id='word_1_220' title='bbox 675 3778 764 3847; x_wconf 84' lang='lat' dir='ltr'><strong>atque</strong></span> <span class='ocrx_word' id='word_1_221' title='bbox 779 3772 896 3831; x_wconf 86' lang='lat' dir='ltr'><strong>ossibus</strong></span> <span class='ocrx_word' id='word_1_222' title='bbox 909 3771 1039 3850; x_wconf 87' lang='lat' dir='ltr'><strong>implicet</strong></span> <span class='ocrx_word' id='word_1_223' title='bbox 1054 3772 1163 3851; x_wconf 89' lang='lat' dir='ltr'><strong>ignem.</strong></span> <span class='ocrx_word' id='word_1_224' title='bbox 1283 3774 1342 3831; x_wconf 90' lang='grc'><strong>660</strong></span> 
     </span>
     <span class='ocr_line' id='line_1_36' title="bbox 354 3860 1253 3943; baseline 0.007 -24"><span class='ocrx_word' id='word_1_225' title='bbox 354 3860 473 3939; x_wconf 78' lang='lat' dir='ltr'><strong>Quippe</strong></span> <span class='ocrx_word' id='word_1_226' title='bbox 487 3862 604 3921; x_wconf 88' lang='lat' dir='ltr'><strong>domum</strong></span> <span class='ocrx_word' id='word_1_227' title='bbox 617 3865 700 3923; x_wconf 85' lang='lat' dir='ltr'><strong>timet</strong></span> <span class='ocrx_word' id='word_1_228' title='bbox 714 3866 896 3943; x_wconf 75' lang='lat' dir='ltr'><strong>ambiguum,</strong></span> <span class='ocrx_word' id='word_1_229' title='bbox 910 3864 1080 3943; x_wconf 86' lang='lat' dir='ltr'><strong>Tyriosque</strong></span> <span class='ocrx_word' id='word_1_230' title='bbox 1096 3864 1253 3943; x_wconf 84' lang='lat' dir='ltr'><strong>bilingues.</strong></span> 
     </span>
     <span class='ocr_line' id='line_1_37' title="bbox 352 3953 1118 4028; baseline 0.009 -18"><span class='ocrx_word' id='word_1_231' title='bbox 352 3953 420 4012; x_wconf 89' lang='lat' dir='ltr'><strong>Urit</strong></span> <span class='ocrx_word' id='word_1_232' title='bbox 434 3965 519 4012; x_wconf 82' lang='lat' dir='ltr'><strong>atrox</strong></span> <span class='ocrx_word' id='word_1_233' title='bbox 531 3956 623 4028; x_wconf 87' lang='lat' dir='ltr'><strong>June,</strong></span> <span class='ocrx_word' id='word_1_234' title='bbox 638 3967 670 4015; x_wconf 86' lang='lat' dir='ltr'><strong>et</strong></span> <span class='ocrx_word' id='word_1_235' title='bbox 682 3960 738 4017; x_wconf 88' lang='lat' dir='ltr'><strong>sub</strong></span> <span class='ocrx_word' id='word_1_236' title='bbox 752 3968 871 4017; x_wconf 86' lang='lat' dir='ltr'><strong>noctem</strong></span> <span class='ocrx_word' id='word_1_237' title='bbox 886 3978 961 4017; x_wconf 86' lang='lat' dir='ltr'><strong>cure</strong></span> <span class='ocrx_word' id='word_1_238' title='bbox 973 3966 1118 4017; x_wconf 74' lang='lat' dir='ltr'><strong>recursat.</strong></span> 
     </span>
     <span class='ocr_line' id='line_1_38' title="bbox 353 4046 1058 4127; baseline 0.004 -22"><span class='ocrx_word' id='word_1_239' title='bbox 353 4046 438 4124; x_wconf 81' lang='lat' dir='ltr'><strong>Ergo</strong></span> <span class='ocrx_word' id='word_1_240' title='bbox 452 4047 498 4105; x_wconf 88' lang='lat' dir='ltr'><strong>his</strong></span> <span class='ocrx_word' id='word_1_241' title='bbox 512 4048 658 4127; x_wconf 73' lang='lat' dir='ltr'><strong>aligerum</strong></span> <span class='ocrx_word' id='word_1_242' title='bbox 672 4052 759 4111; x_wconf 89' lang='lat' dir='ltr'><strong>dictis</strong></span> <span class='ocrx_word' id='word_1_243' title='bbox 773 4052 881 4111; x_wconf 84' lang='lat' dir='ltr'><strong>effetur</strong></span> <span class='ocrx_word' id='word_1_244' title='bbox 896 4055 1058 4111; x_wconf 83' lang='lat' dir='ltr'><strong>Amorem:</strong></span> 
     </span>
     <span class='ocr_line' id='line_1_39' title="bbox 353 4138 1111 4225; baseline 0.007 -26"><span class='ocrx_word' id='word_1_245' title='bbox 353 4138 384 4199; x_wconf 91' lang='lat' dir='ltr'>N</span> <span class='ocrx_word' id='word_1_246' title='bbox 385 4148 445 4210; x_wconf 84' lang='lat' dir='ltr'><strong>ste,</strong></span> <span class='ocrx_word' id='word_1_247' title='bbox 461 4159 535 4198; x_wconf 78' lang='lat' dir='ltr'><strong>mete</strong></span> <span class='ocrx_word' id='word_1_248' title='bbox 549 4142 639 4213; x_wconf 85' lang='lat' dir='ltr'><strong>uires,</strong></span> <span class='ocrx_word' id='word_1_249' title='bbox 655 4163 724 4202; x_wconf 84' lang='lat' dir='ltr'><strong>mee</strong></span> <span class='ocrx_word' id='word_1_250' title='bbox 736 4165 847 4225; x_wconf 84' lang='lat' dir='ltr'><strong>rnsgne</strong></span> <span class='ocrx_word' id='word_1_251' title='bbox 861 4147 1002 4225; x_wconf 86' lang='lat' dir='ltr'><strong>potentie,</strong></span> <span class='ocrx_word' id='word_1_252' title='bbox 1019 4144 1111 4217; x_wconf 88' lang='lat' dir='ltr'><strong>solus,</strong></span> 
     </span>
     <span class='ocr_line' id='line_1_40' title="bbox 353 4226 1342 4317; baseline 0.007 -25"><span class='ocrx_word' id='word_1_253' title='bbox 353 4231 382 4292; x_wconf 88' lang='lat' dir='ltr'>N</span> <span class='ocrx_word' id='word_1_254' title='bbox 385 4226 445 4303; x_wconf 74' lang='lat' dir='ltr'><strong>ste,</strong></span> <span class='ocrx_word' id='word_1_255' title='bbox 461 4234 554 4311; x_wconf 86' lang='lat' dir='ltr'><strong>petris</strong></span> <span class='ocrx_word' id='word_1_256' title='bbox 568 4238 674 4295; x_wconf 88' lang='lat' dir='ltr'><strong>summi</strong></span> <span class='ocrx_word' id='word_1_257' title='bbox 687 4239 738 4314; x_wconf 89' lang='lat' dir='ltr'><strong>qui</strong></span> <span class='ocrx_word' id='word_1_258' title='bbox 751 4241 812 4297; x_wconf 84' lang='lat' dir='ltr'><strong>tels</strong></span> <span class='ocrx_word' id='word_1_259' title='bbox 825 4239 965 4317; x_wconf 80' lang='lat' dir='ltr'><strong>Typhoi&#39;e</strong></span> <span class='ocrx_word' id='word_1_260' title='bbox 977 4238 1094 4309; x_wconf 84' lang='lat' dir='ltr'><strong>temnis,</strong></span> <span class='ocrx_word' id='word_1_261' title='bbox 1283 4240 1342 4299; x_wconf 78' lang='lat'><strong>665</strong></span> 
     </span>
     <span class='ocr_line' id='line_1_41' title="bbox 352 4325 1110 4411; baseline 0.012 -29"><span class='ocrx_word' id='word_1_262' title='bbox 352 4325 400 4382; x_wconf 82' lang='lat' dir='ltr'><strong>Ad</strong></span> <span class='ocrx_word' id='word_1_263' title='bbox 414 4333 444 4384; x_wconf 88' lang='lat' dir='ltr'><strong>te</strong></span> <span class='ocrx_word' id='word_1_264' title='bbox 458 4327 609 4407; x_wconf 81' lang='lat' dir='ltr'><strong>coniugio,</strong></span> <span class='ocrx_word' id='word_1_265' title='bbox 624 4337 655 4388; x_wconf 88' lang='lat' dir='ltr'><strong>et</strong></span> <span class='ocrx_word' id='word_1_266' title='bbox 668 4331 793 4409; x_wconf 84' lang='lat' dir='ltr'><strong>supplex</strong></span> <span class='ocrx_word' id='word_1_267' title='bbox 806 4341 859 4391; x_wconf 89' lang='lat' dir='ltr'><strong>tue</strong></span> <span class='ocrx_word' id='word_1_268' title='bbox 873 4333 995 4391; x_wconf 82' lang='lat' dir='ltr'><strong>numius</strong></span> <span class='ocrx_word' id='word_1_269' title='bbox 1008 4352 1110 4411; x_wconf 88' lang='lat' dir='ltr'><strong>posco.</strong></span> 
     </span>
    </p>
   </div>
   <div class='ocr_carea' id='block_1_4' title="bbox 0 0 1597 5234">
    <p class='ocr_par' dir='ltr' id='par_1_4' title="bbox 0 0 1597 5234">
     <span class='ocr_line' id='line_1_42' title="bbox 0 0 1597 5234; baseline 0 0"><span class='ocrx_word' id='word_1_270' title='bbox 0 0 1597 5234; x_wconf 95' lang='lat' dir='ltr'><strong> </strong></span> 
     </span>
    </p>
   </div>
  </div>
 </body>
</html>
