3167 5234
339 558 376 614 53
626 549 652 596 r.
673 547 842 596 vinemn
858 548 1032 598 ursonis

339 688 564 768 Continudque,
581 688 676 748 avidis
690 689 743 748 ubi
756 687 875 748 subdita
888 687 1008 748 flamma
1020 687 1169 761 medullis,

303 785 314 796 ’
337 783 420 844 Vere
440 784 547 863 magis,
564 783 635 861 quia
651 801 724 842 vere
738 784 823 843 calor
836 783 913 842 redit
926 784 1055 854 ossibus,
1071 783 1131 842 illm

337 879 401 938 Ore
415 898 518 937 omnes
532 897 628 937 versae
643 877 673 934 in
688 877 862 955 Zephyrum
874 885 955 936 stant
967 877 1091 954 rupibus
1104 875 1184 949 altis,

336 971 568 1051 Exceptantque
582 973 665 1030 leves
680 989 771 1029 auras
787 991 796 1041 3
819 979 849 1029 et
862 971 954 1049 saepe,
970 971 1036 1029 sine
1049 969 1120 1030 ullis

337 1066 507 1146 Conjugiis,
524 1075 613 1124 vento
627 1065 760 1145 grevidae
777 1065 927 1143 (mirabile
941 1065 1023 1125 dictu
1039 1067 1062 1143 l)
1270 1065 1330 1123 275

337 1163 419 1220 Saxa
432 1181 485 1240 per
500 1167 530 1220 et
544 1161 685 1239 scopulos
699 1169 729 1220 et
744 1161 905 1239 depressas
918 1159 1073 1219 convalle‘s

335 1253 506 1334 Diffugiunt
524 1273 532 1325 ;
559 1274 629 1326 non,
645 1254 741 1326 Eure,
757 1263 836 1325 tuos,
852 1273 951 1330 neque
965 1255 1039 1312 solis
1052 1252 1090 1311 ad
1104 1259 1188 1312 ortus
1202 1272 1211 1323 3

336 1346 372 1407 In
385 1349 526 1421 Boream,
544 1347 752 1424 Caurumque,
768 1356 820 1406 aut
835 1347 913 1406 unde
927 1347 1107 1426 nigerrimus
1119 1348 1235 1406 Auster

336 1439 492 1513 Nascitur,
509 1450 539 1501 et
559 1440 658 1519 pluvio
672 1442 831 1500 contristat
844 1440 957 1520 frigore
971 1441 1091 1500 coelum.

335 1533 399 1594 Hic
414 1535 542 1607 demum,
557 1535 751 1613 hippomanes
764 1555 838 1594 vero
853 1535 932 1612 quod
946 1535 1064 1592 nomine
1078 1533 1182 1593 dicunt
1269 1535 1330 1594 aab

334 1627 488 1700 Pastores,
505 1629 618 1687 lentum
632 1628 761 1686 destillat
776 1629 815 1685 ab
829 1627 952 1706 inguine
966 1627 1048 1686 virus
1062 1645 1071 1685 z

334 1721 554 1800 Hippomanes,
571 1722 650 1800 quod
664 1721 745 1800 saepd
760 1721 847 1780 melae
861 1719 965 1800 legere
978 1741 1130 1795 noverooe,

334 1815 585 1893 Miscueruntque
599 1815 720 1888 herbas,
737 1824 768 1874 et
781 1835 840 1874 non
855 1815 977 1874 innoxia
990 1819 1095 1875 verba.

375 1910 435 1969 Sed
456 1909 530 1988 sugit
545 1910 672 1982 interea,
688 1909 764 1989 sugit
778 1909 973 1988 irreparabile
986 1919 1114 1988 tempus,

335 2003 461 2083 Singula
475 2004 544 2063 dum
558 2004 640 2082 capti
653 2003 925 2064 circumvectamur
938 2022 1049 2062 amore.
1268 2005 1329 2064 aab

334 2097 406 2158 Hoc
421 2097 494 2156 satis
509 2098 661 2157 armentis.
704 2099 834 2176 Superat
848 2116 918 2176 pars
933 2097 1028 2156 altera
1042 2115 1135 2170 curae,

333 2190 502 2270 Lanigeros
517 2191 633 2271 agitare
647 2210 758 2272 greges
771 2191 925 2267 hirtasque
939 2192 1083 2269 capellas.

333 2284 399 2344 Hic
412 2286 498 2345 labor
514 2304 522 2356 ;
546 2285 615 2344 hinc
630 2285 750 2344 laudem
763 2285 856 2344 fortes
870 2294 990 2364 sperate
1004 2285 1112 2345 coloni.

334 2377 403 2439 Nec
417 2399 484 2438 sum
497 2379 588 2438 animi
603 2379 711 2438 dubius
726 2379 826 2438 verbis
841 2399 880 2438 ea
892 2380 1015 2438 vincere
1028 2399 1171 2459 magnum

335 2472 438 2540 Quem
451 2474 499 2546 sit,
516 2482 545 2533 et
559 2473 696 2553 angustis
709 2473 789 2532 hunc
805 2473 917 2533 addere
930 2476 1022 2532 rebus
1035 2475 1188 2534 honorem.
1268 2475 1330 2533 290

335 2567 395 2625 Sed
408 2586 455 2626 me
468 2566 614 2626 Parnassi
628 2567 749 2626 deserta
764 2587 819 2646 per
830 2567 927 2646 ardua
941 2567 1038 2627 dulcis

334 2660 449 2738 Raptat
463 2680 566 2720 amor:
584 2661 670 2738 juvat
686 2662 729 2720 ire
746 2662 840 2740 jugis,
859 2661 920 2739 qual
932 2663 1015 2721 nulla
1029 2662 1161 2740 priorum

335 2753 503 2814 Castaliam
518 2754 599 2813 molli
613 2754 779 2813 devertitur
790 2756 888 2814 orbita
902 2755 990 2816 clivo.

334 2845 435 2920 Nunc,
453 2848 625 2906 veneranda
638 2847 740 2921 Pales,
756 2867 867 2928 magno
880 2869 961 2908 nunc
974 2869 1027 2908 ore
1042 2847 1218 2909 sonandum.

374 2942 535 3022 incipiens,
552 2943 677 3002 stabulis
692 2943 778 3003 edico
792 2945 822 3002 in
836 2945 974 3004 mollibus
987 2947 1112 3005 herbam
1267 2947 1328 3006 295

335 3035 473 3115 Carpere
488 3057 570 3109 oves,
587 3037 658 3096 dum
672 3057 741 3096 mox
753 3036 897 3097 frondosa
910 3039 1065 3099 reducitur
1078 3047 1193 3112 aestas3

332 3130 375 3191 Et
389 3130 483 3191 multd
496 3131 601 3191 duram
614 3130 725 3210 stipulrl
738 3132 910 3210 filicumque
924 3135 1061 3213 maniplis

334 3227 476 3284 Sternere
490 3226 594 3284 subter
606 3226 738 3298 humum,
754 3227 871 3305 glacies
885 3247 923 3286 ne
937 3227 1047 3306 frigida
1060 3227 1150 3288 laedat

333 3317 427 3378 Molle
442 3338 545 3398 pecus,
560 3319 754 3398 scabiemque
769 3321 857 3393 feret,
872 3329 1037 3400 turpesque
1051 3323 1211 3403 podagras.

332 3412 417 3486 Post,
433 3414 502 3472 hinc
516 3413 680 3492 digressus,
699 3414 792 3492 jubeo
805 3415 975 3475 frondentia
989 3416 1090 3494 capris
1209 3434 1214 3442 ·
1267 3417 1326 3477 ³00

332 3508 451 3567 Arbuta
465 3507 616 3581 sufficere,
633 3517 662 3568 et
680 3507 787 3568 fluvios
802 3512 939 3588 praebere
952 3519 1090 3570 recentes
1103 3530 1113 3584 ς

332 3600 374 3660 Et
388 3602 506 3661 stabula
520 3619 538 3659 a
552 3601 647 3662 ventis
660 3601 787 3662 hiberno
801 3623 952 3682 opponere
966 3605 1022 3664 soli

331 3694 382 3755 Ad
395 3696 524 3755 medium
538 3714 685 3756 conversa
699 3696 778 3755 diem
792 3717 801 3767 3
826 3717 917 3774 quum
930 3698 1057 3779 frigidus
1070 3699 1141 3760 olim

331 3789 405 3848 Jam
419 3791 508 3864 cadit,
524 3798 719 3869 extremoque
734 3791 843 3850 irrorat
857 3793 1011 3870 Aquarius
1026 3813 1114 3854 anno.

372 3885 433 3944 Hae
449 3906 568 3964 quoque
583 3908 641 3947 non
655 3885 733 3949 curel
745 3889 832 3948 nobis
845 3889 958 3949 leviore
972 3891 1091 3950 tuendae
1107 3911 1116 3963 3
1267 3893 1326 3953 ³05

332 3981 362 4042 N
364 4001 401 4040 ec
420 3981 516 4042 minor
530 4004 603 4043 usus
616 3987 684 4059 erit,
702 3987 838 4064 quamvis
851 3986 972 4046 Milesia
986 4007 1097 4068 magno

331 4075 458 4135 Vellera
473 4085 633 4151 mutentur,
649 4079 760 4157 Tyrios
774 4081 893 4140 incocta
910 4082 1046 4142 rubores.

332 4168 466 4229 Densior
478 4170 549 4230 hinc
562 4172 691 4246 soboles,
708 4174 777 4233 hinc
791 4175 870 4254 largi
888 4175 976 4254 copia
989 4175 1086 4234 lactis.

334 4261 434 4331 Qudm
453 4265 551 4344 magis
565 4264 710 4325 exhausto
725 4271 907 4346 spumaverit
921 4272 1013 4329 ubere
1027 4271 1165 4348 mulctra,

332 4357 420 4418 Laeta
439 4357 536 4440 magis
550 4359 662 4440 pressis
676 4365 839 4424 manabunt
853 4364 975 4424 flumina
987 4366 1131 4428 mammis.
1265 4373 1326 4431 ³10
