3167 5234
589 574 766 625 AENEIDOS
785 576 916 624 1⁴13.ss

255 714 408 785 Quoesitor
421 713 522 773 Minos
535 733 641 774 urusm
655 722 774 773 moret:
797 712 848 772 ille
862 710 1000 773 silentiim

255 808 486 887 Conciliumque
500 816 598 880 voest,
615 809 751 885 vitesque
765 820 796 865 et
811 808 936 867 erimine
948 806 1044 867 diseit.

253 902 395 962 Proxime
407 902 515 960 deinde
528 908 632 959 tenent
645 901 745 960 moesti
757 902 836 973 loos,
854 902 903 979 qui
918 901 974 960 sibi
988 902 1080 959 letum

252 995 393 1055 Insontes
406 992 552 1073 peperere
566 1014 666 1066 mauu,
683 996 841 1071 lucemque
856 995 955 1073 perosi
1184 994 1243 1053 4³5

251 1088 416 1165 Projeedre
430 1089 555 1147 enimse.
598 1086 700 1155 erim
712 1088 824 1147 vellent
838 1090 949 1147 ethere
964 1088 994 1145 iu
1008 1088 1069 1147 ulto

252 1183 281 1242 N
284 1202 344 1241 une
357 1190 389 1241 et
403 1182 575 1260 pauperiem
587 1191 618 1241 et
632 1183 724 1241 duros
737 1183 871 1260 perferre
885 1184 1005 1241 labores
1018 1185 1025 1241 l

251 1278 315 1337 Fes
329 1280 438 1349 obstet,
454 1279 591 1356 tristique
607 1280 692 1356 palus
705 1280 873 1338 inamabilis
888 1277 968 1337 unde

251 1372 377 1451 Alligst,
394 1380 423 1431 et
436 1372 540 1431 novies
554 1373 628 1448 Styx
642 1372 788 1431 interfusa
802 1376 932 1431 coercet.

251 1464 319 1525 Nee
334 1466 439 1543 procul
452 1465 522 1523 hino
535 1474 650 1543 purtem
665 1466 722 1524 fusi
736 1474 938 1524 monstrantur
952 1466 981 1525 in
995 1484 1113 1525 omnem
1184 1467 1243 1525 440

251 1558 407 1637 Lugentes
421 1559 519 1635 oempi
533 1576 542 1629 ς
565 1558 610 1617 sie
624 1559 691 1616 illos
704 1560 822 1617 nomine
837 1559 946 1618 dieunt.

210 1712 216 1731 ‚
251 1651 325 1723 Hie,
342 1670 418 1729 quos
431 1652 524 1709 durus
538 1670 621 1710 emor
635 1652 751 1710 erudeli
762 1654 832 1709 tube
847 1652 973 1729 peredit,
988 1662 990 1673 '

252 1746 369 1803 Secreti
382 1746 481 1805 celent
496 1746 600 1817 celles,
617 1753 647 1803 et
661 1753 777 1822 myrtee
791 1744 905 1803 eiroirm

252 1838 334 1896 Silva
346 1839 422 1916 tegit
435 1856 443 1907 ;
467 1857 549 1897 eurm
566 1858 625 1895 non
638 1836 706 1915 ipsi
719 1837 750 1896 in
763 1850 858 1895 morte
873 1838 1055 1915 relinquunt.

249 1930 309 1990 His
319 1932 478 1991 Phaedrsm
487 1932 674 2008 Prooriuque
684 1932 769 2002 loeis,
782 1940 979 2009 moestemque
990 1931 1167 2011 Eriphylen,
1181 1934 1241 1991 445

251 2024 395 2085 Crudelis
407 2025 471 2083 neti
484 2032 697 2083 monstrantem
710 2026 846 2097 vulnere,
863 2026 969 2099 cernit,

248 2116 468 2195 Bantiamque,
484 2124 515 2176 et
528 2118 708 2196 Pasiphaen.
749 2118 812 2177 His
825 2119 991 2179 Leodsmiu

249 2210 276 2269 lt
289 2230 415 2281 eomes;
439 2220 469 2271 et
485 2211 606 2287 juvenis
625 2212 784 2289 quondum,
801 2232 881 2294 nuno
895 2212 1028 2285 immine,
1044 2212 1158 2287 Omnis,

248 2304 370 2363 Rursus
383 2313 413 2362 et
427 2306 458 2363 iu
470 2313 604 2363 veterem
618 2305 679 2363 suto
692 2304 829 2364 revolute
843 2306 979 2383 figurem.

248 2396 332 2457 Inter
345 2417 422 2475 quus
434 2398 749 2459 Phoeuisesreeeneu
762 2400 886 2457 vulnere
905 2398 985 2457 Dido
1181 2400 1241 2461 450

246 2492 381 2551 Errabat
393 2490 471 2550 silvii
483 2493 513 2550 in
527 2491 658 2570 magud:
681 2512 770 2568 quum
783 2492 895 2551 Troius
908 2493 1009 2564 heros,

248 2583 288 2645 Ut
302 2586 430 2663 primism
445 2586 531 2662 juste
544 2585 635 2656 stetit,
653 2585 836 2663 agnovitque
851 2604 904 2662 per
918 2587 1054 2647 umbram

248 2678 430 2750 Obscuram,
447 2679 566 2757 quelem
581 2678 675 2756 primo
688 2679 741 2755 qui
753 2698 880 2757 surgere
894 2698 996 2739 mense

247 2772 311 2832 Aut
324 2774 416 2845 videt,
432 2781 483 2831 eut
497 2772 607 2831 uidisse
622 2781 716 2849 putet,
733 2792 787 2851 per
800 2773 903 2831 nubile
917 2773 1027 2845 lunum,

247 2866 377 2925 Demisit
391 2866 551 2943 lacrymas,
567 2866 708 2943 dulcique
722 2867 831 2925 effetus
845 2886 946 2926 emere
961 2874 1028 2925 eet:
1180 2868 1239 2927 4⁵5

249 2959 357 3019 Infelix
370 2960 462 3031 Dido,
478 2978 569 3018 verus
582 2959 653 3017 mihi
666 2960 788 3019 nuntius
802 2980 876 3039 ergo

249 3052 384 3111 Venerst
398 3053 571 3123 extinctum,
587 3053 727 3130 ferroque
741 3062 875 3112 extreme
889 3064 1025 3113 secutum
1038 3057 1060 3136 l·

248 3146 390 3218 Funeris,'
404 3148 464 3205 heu
477 3149 485 3203 l
504 3146 559 3205 tibi
572 3165 667 3205 ceusu
679 3147 740 3206 fui!
781 3148 955 3206 Persidem
971 3148 1051 3224 juro,
1160 3136 1166 3157 ⁸

248 3238 308 3298 Per
321 3242 464 3317 Superos,
480 3246 511 3298 et
523 3241 550 3297 si
564 3260 625 3316 que
642 3240 717 3298 fides
730 3242 838 3299 tellure
853 3244 909 3301 sub
923 3240 984 3301 ima
997 3250 1054 3314 est,

249 3332 374 3404 Inritus,
392 3333 509 3411 regine,
524 3341 576 3390 tuo
590 3334 627 3391 de
641 3333 738 3393 littore
751 3336 841 3393 cessi.
1180 3338 1239 3395 460

249 3425 308 3484 Sed
323 3445 371 3485 me
389 3421 476 3501 jussu
489 3426 588 3498 deum,
606 3446 672 3503 quie
686 3446 767 3485 nuno
780 3428 835 3487 hus
849 3429 892 3486 ire
907 3448 961 3505 per
975 3429 1107 3501 umbras,

247 3518 308 3578 Per
321 3519 391 3577 loee
403 3527 490 3578 sente
503 3520 562 3578 situ
576 3530 698 3598 cogunt,
715 3531 893 3599 noctemque
907 3521 1094 3599 profundum,

249 3611 387 3690 Imperiis
400 3611 492 3692 egere
505 3614 590 3683 suis3
614 3634 670 3673 uec
686 3616 811 3674 eredere
826 3616 907 3693 quivi

248 3706 343 3765 Hune
355 3716 472 3765 tentum
483 3708 538 3765 tibi
550 3727 598 3767 me
612 3708 750 3767 discessu
763 3710 841 3767 serre
856 3710 998 3769 dolorem.

248 3800 327 3859 Siste
341 3801 479 3877 gradum,
494 3809 584 3879 teque
598 3802 742 3879 adspectu
756 3822 795 3859 ne
810 3803 951 3861 subtrahe
967 3810 1078 3862 nostro.
1179 3806 1238 3865 465

249 3892 350 3961 Quem
363 3894 443 3972 iugis
459 3894 470 3950 ?
491 3902 655 3953 extremum
669 3895 740 3967 fsto,
755 3897 835 3972 quod
848 3904 878 3953 te
893 3896 1039 3972 alloquor,
1055 3895 1113 3957 hoe
1126 3904 1181 3957 est.

248 3986 376 4045 Talibus
389 3988 510 4047 AEness
524 3989 679 4047 ardentem
691 3997 721 4047 et
735 3997 822 4046 torve
839 3998 972 4048 tuentem

247 4078 378 4139 Lenibst
392 4080 480 4139 dictis
492 4082 632 4153 animum,
648 4081 857 4158 lacrymasque
873 4082 981 4143 ciebat.

249 4172 307 4232 Ille
319 4174 385 4231 solo
398 4174 474 4233 fixos
487 4176 592 4233 oeulos
605 4194 712 4234 eversu
723 4178 847 4233 tenebat
863 4195 872 4246 3

248 4265 317 4325 Neo
330 4266 429 4345 megis
441 4268 561 4346 incepto
575 4269 687 4327 vultum
701 4288 838 4328 sermone
852 4278 998 4344 movetur,

251 4357 351 4427 Quum
364 4360 391 4418 si
404 4360 480 4420 durs
493 4362 569 4421 silex
583 4371 633 4421 sut
646 4371 704 4422 stet
717 4362 872 4443 Murpesie
885 4372 998 4425 cautes.
