3167 5234
567 571 789 620 GEORGICON
807 572 879 620 uls.
893 572 930 619 11.

249 713 407 794 Ingentem
420 713 501 774 emlo
515 714 642 774 sonitum
655 712 737 772 dedit
752 731 760 782 ;
784 712 854 772 inde
868 720 992 772 sanutus

248 811 309 872 Per
321 804 422 872 remos
436 813 532 872 vietor
544 831 657 890 perque
672 811 733 870 alta
745 810 904 870 eacumina
915 818 1034 891 regnat,

247 909 288 969 Et
300 918 395 969 totum
409 909 532 968 involvit
545 908 669 966 flammis
683 925 800 979 nemus,
816 913 848 964 et
860 907 920 964 ruit
934 914 1031 966 atram

248 1003 295 1063 Ad
310 1004 421 1063 eoelum
437 1001 526 1081 picei
539 1020 660 1061 crassus
673 1001 804 1078 ealigine
818 1001 952 1071 nubem;

248 1097 421 1156 Prmsertim
435 1098 461 1155 si
473 1105 636 1174 tempestas
650 1115 668 1154 n
682 1096 796 1154 vertice
809 1095 893 1154 silvis
1182 1095 1243 1154 ³10

249 1192 398 1263 Incubuit,
416 1192 622 1271 glomeratque
636 1189 738 1248 serens
751 1189 892 1249 incendia
904 1197 1022 1250 ventus.

248 1284 320 1344 Hoo
335 1286 396 1357 ubi,
412 1304 472 1344 non
487 1305 506 1344 a
520 1285 611 1363 stirpe
626 1285 737 1356 valent,
754 1303 904 1360 cassaque
918 1284 1031 1343 reverti

248 1377 389 1451 Possunt,
407 1388 498 1456 atque
512 1377 573 1437 imai
585 1379 697 1438 similes
710 1379 897 1437 revirescere
911 1377 1015 1438 terri:

249 1472 358 1533 Infelix
371 1480 494 1551 superet
507 1472 586 1531 foliis
599 1473 730 1531 oleaster
744 1474 863 1532 eruaris.

289 1567 357 1626 Nec
369 1567 423 1625 tibi
436 1575 498 1625 tem
513 1566 643 1644 prudens
659 1567 817 1643 quisquam
831 1564 1011 1644 persuadeat
1024 1571 1130 1626 auctor
1182 1567 1243 1624 ³15

248 1659 404 1719 Tellurem
418 1659 520 1719 Burei
533 1661 660 1738 rigidum
674 1661 807 1738 spirante
820 1660 954 1719 moveri:

248 1754 337 1813 Rura
349 1755 421 1833 gelu
434 1763 498 1814 tum
511 1755 623 1814 claudit
636 1755 741 1826 biems,
757 1773 816 1814 neo
828 1755 943 1814 semine
959 1755 1045 1832 jacto

250 1849 434 1912 Concretsm
448 1851 558 1929 petitur
571 1850 704 1910 radicem
718 1851 842 1930 affigere
856 1859 957 1911 terra).

249 1945 370 2023 Optima
383 1945 490 2006 vinetis
504 1945 592 2017 satio,
610 1963 700 2022 quum
714 1965 786 2004 rere
807 1946 928 2006 rubenti

250 2038 390 2101 Candida
404 2041 485 2099 venit
499 2041 574 2112 avis,
590 2041 688 2119 longis
702 2041 799 2100 invisa
812 2041 945 2103 colubris
961 2059 970 2112 ;
1182 2040 1244 2099 820

248 2133 351 2193 Prima
365 2135 412 2193 vel
426 2135 561 2194 autumni
581 2135 637 2192 sub
652 2133 774 2212 frigora,
792 2155 884 2212 quum
896 2133 1020 2213 rupidus
1033 2134 1085 2194 Sol

249 2225 390 2288 Nondum
406 2229 535 2289 hiemem
549 2229 693 2308 contingit
708 2230 804 2306 equis,
824 2230 888 2306 jam
902 2230 1035 2308 praeterit
1048 2237 1148 2290 ssu.

288 2322 354 2380 Ver
367 2321 444 2381 aded
458 2322 557 2382 frondi
570 2341 734 2395 nemorum,
750 2343 806 2382 rer
818 2324 891 2382 utile
905 2324 989 2383 silvis
1002 2343 1011 2382 τ

249 2414 331 2474 Vere
347 2424 462 2474 tument
474 2424 576 2488 terrm,
591 2424 621 2475 et
635 2417 780 2494 genitalia
793 2418 910 2476 semina
924 2426 1060 2495 poseum.

249 2509 328 2568 'lum
340 2509 433 2569 Pater
446 2510 634 2587 omnipotens
647 2510 797 2570 soeeundis
809 2511 955 2570 imbribus
967 2511 1082 2572 AEtber
1183 2513 1245 2572 825

251 2603 398 2682 Conjugis
417 2603 447 2662 in
461 2603 608 2683 monrium
625 2603 701 2662 laetae
717 2603 882 2676 deseendit,
898 2612 929 2662 et
942 2623 1047 2664 omnes

249 2696 381 2776 Magnus
395 2697 457 2768 alit,
474 2715 584 2775 meguo
599 2698 776 2757 commixtus
790 2717 928 2776 corpore,
944 2698 1043 2759 soetus.

250 2791 403 2850 Aristum
416 2799 558 2866 resonant
572 2793 677 2850 avibus
691 2791 822 2870 virgulta
835 2793 967 2866 canoris,

249 2885 290 2944 Et
304 2885 457 2944 Venerem
470 2885 564 2944 certis
575 2893 714 2964 repetunt
728 2895 865 2945 armenta
877 2887 993 2948 diebus.
1041 2912 1048 2922 ·

249 2978 382 3039 Parturit
396 2979 493 3038 almus
507 2997 602 3057 ager:
631 2979 825 3058 Zephyrique
838 2981 1009 3058 tepentibus
1023 2982 1105 3042 auris
1184 2984 1245 3044 000

249 3071 368 3131 Lusum
381 3091 455 3132 srva
468 3074 552 3132 sinus
566 3091 574 3144 ;
598 3081 721 3152 superat
734 3081 822 3132 tener
835 3076 972 3134 omuibus
984 3075 1091 3136 humor
1103 3095 1112 3148 ;

250 3165 345 3244 Inque
361 3185 455 3226 novos
467 3168 548 3226 soles
562 3167 672 3226 sudent
686 3187 720 3226 se
734 3168 872 3245 germina
883 3167 948 3228 tutd

250 3260 387 3321 Credere
402 3279 410 3331 ;
433 3279 491 3320 neo
505 3261 609 3320 metuit
623 3249 783 3340 surgentes
797 3262 953 3340 pampinus
966 3271 1097 3337 annuos,

249 3355 311 3415 Aut
331 3361 431 3412 actum
445 3354 524 3413 coelo
538 3355 655 3432 magnis
670 3355 859 3432 aquilonibus
872 3356 998 3416 imbrem
1014 3376 1022 3428 ;

250 3447 311 3506 Sed
325 3446 416 3506 trudit
430 3465 575 3526 gemmas,
592 3457 622 3506 et
637 3448 757 3508 frondes
772 3449 901 3528 explicat
914 3469 1028 3511 omnes.
1184 3453 1244 3512 aab

249 3540 280 3600 N
282 3561 320 3598 on
335 3541 410 3600 alios
423 3541 517 3618 primi
532 3542 697 3602 crescentis
711 3542 827 3620 origine
841 3541 943 3602 mundi

251 3633 390 3693 Illusisse
405 3634 479 3708 dies,
497 3636 626 3694 aliumve
640 3636 782 3696 habuisse
796 3645 942 3710 tenorem,

251 3726 440 3788 Crediderim
456 3747 463 3786 :
486 3747 540 3788 ver
553 3729 625 3788 illud
640 3739 715 3802 erat,
732 3750 786 3789 ver
798 3750 927 3810 mugnus
940 3731 1052 3809 egebat

251 3819 353 3893 Orbis,
370 3830 400 3880 et
413 3822 547 3881 hibernis
561 3825 724 3904 parcebant
743 3825 863 3883 flatibus
880 3825 977 3894 Euri3

251 3913 354 3981 Quum
368 3915 470 3994 primns
484 3916 582 3976 lucem
595 3918 727 3995 pecudes
740 3917 881 3990 hausire,
898 3913 1053 3994 vintmqoo
1184 3921 1244 3980 ³40

251 4006 368 4066 Ferrea
381 4011 541 4089 progenies
555 4011 637 4071 duris
651 4018 741 4089 caput
755 4010 862 4070 extulit
876 4011 967 4084 mis,

252 4099 456 4179 immissusque
470 4105 543 4164 form
557 4106 650 4177 silvis,
666 4113 695 4164 et
710 4105 811 4164 sidera
823 4105 911 4165 ooelo.

250 4193 282 4254 N
283 4213 320 4253 eo
333 4213 383 4254 res
396 4196 477 4256 huno
490 4205 603 4257 teneris
618 4205 739 4276 possent
758 4198 893 4277 perferre
905 4199 1051 4277 laborem,

251 4287 284 4347 Si
302 4307 362 4347 non
375 4297 459 4348 tants
473 4291 559 4368 quies
572 4291 629 4350 iret
643 4291 799 4370 frigusque
813 4293 1005 4372 caloremque

251 4380 345 4456 Inter,
361 4390 392 4443 et
405 4385 556 4464 esoiperet
570 4386 640 4446 oceli
654 4385 840 4466 indulgentia
852 4394 959 4448 terras.
1183 4391 1243 4451 ³45
