3167 5234
544 951 584 1016 P.
617 948 870 1018 VIRGILII
899 944 1152 1018 MARONIS

527 1101 534 1116 '
602 1127 1083 1226 cuoucmou

733 1327 907 1391 LIBER
932 1326 965 1386 1.

676 1475 1016 1491 Ἥ

349 1597 436 1664 Quin
452 1595 542 1655 faciat
556 1596 643 1655 latas
660 1604 792 1675 segetes,
811 1614 870 1674 quo
883 1593 982 1655 sidere
996 1600 1110 1652 terram

348 1690 489 1762 Vertere,
505 1689 672 1762 Maeeenas,
689 1690 837 1768 ulmisque
852 1688 1018 1768 adjungere
1033 1687 1110 1746 vites

349 1783 520 1846 Conveniat
532 1803 541 1856 3
567 1805 633 1862 quae
649 1803 723 1844 eura
737 1785 838 1854 boum,
851 1781 903 1861 qui
917 1782 1017 1840 cultus
1029 1778 1170 1840 habendo

348 1879 392 1939 Sit
407 1879 510 1957 pecori
524 1897 532 1950 ;
556 1879 664 1957 apibus
679 1885 791 1957 quanta
806 1876 994 1956 experientia
1006 1875 1128 1954 parcis;

347 1973 432 2032 Hine
446 1992 556 2033 canere
571 1973 719 2052 incipiam.
762 1971 838 2046 Vos,
854 1991 873 2030 0
888 1970 1056 2030 clarissima
1069 1967 1170 2030 muudi

347 2066 487 2139 Lumina,
504 2067 656 2126 labentem
669 2066 747 2126 eoelo
763 2085 831 2144 quie
846 2065 955 2124 ducitis
969 2083 1091 2136 anuum,

347 2160 452 2232 Liber,
469 2167 498 2218 et
513 2161 592 2220 alma
607 2159 715 2233 Ceres,
733 2168 833 2220 vestro
848 2159 874 2219 si
888 2178 1012 2219 munere
1025 2159 1115 2218 tellus

349 2251 516 2313 Chaoniam
530 2253 634 2333 pingui
647 2251 786 2332 glandem
801 2253 925 2312 mutavit
939 2250 1045 2326 aristi,

346 2347 522 2427 Poculaque
537 2349 665 2408 inventis
679 2349 829 2408 Acheloia
842 2348 961 2410 miscuit
976 2348 1064 2418 uvia3

346 2442 388 2502 Et
401 2462 466 2515 vos,
483 2452 636 2522 agrestum
651 2444 813 2521 praesectia
826 2443 959 2515 numina,
975 2441 1086 2514 Fauni,
1310 2442 1348 2499 10

346 2539 439 2598 Ferte
454 2539 551 2611 simul,
568 2539 742 2618 Faunique,
760 2538 877 2618 pedem,
893 2535 1097 2617 Dryadesque
1111 2535 1242 2616 puellm:

347 2631 478 2691 Munera
491 2641 592 2691 vestra
605 2651 692 2692 cano.
735 2632 846 2710 Tuque
861 2652 890 2704 ο,
907 2632 957 2691 cui
972 2632 1068 2709 prima
1081 2632 1259 2692 frementem

348 2723 439 2784 Fudit
454 2744 566 2803 equum
580 2743 689 2803 magno
703 2725 793 2784 tellus
807 2743 953 2803 pereussa
967 2725 1099 2798 tridenti,

348 2818 489 2896 Neptune
505 2837 512 2888 ;
538 2825 568 2876 et
582 2817 679 2878 cultor
693 2835 859 2888 nemorum,
876 2817 926 2876 cui
939 2817 1065 2896 pinguia
1078 2816 1154 2878 Ceo

347 2912 544 2972 Tercentum
558 2912 639 2971 nivei
649 2911 772 2971 toudeut
786 2912 909 2970 dumeta
917 2912 1042 2990 juvenci
1055 2932 1063 2984 ;
1309 2914 1345 2972 16

348 3004 428 3084 Ipse,
444 3025 550 3066 nemus
564 3006 703 3082 linquens
719 3005 848 3084 petrium
861 3006 1016 3084 saltusque
1029 3005 1146 3084 Lycaei,

346 3099 424 3172 Pan,
440 3100 541 3159 ovium
554 3107 667 3172 custos,
683 3107 736 3159 tua
749 3099 775 3158 si
788 3100 842 3160 tibi
855 3100 989 3161 Maenala
1002 3121 1095 3176 curm,

346 3195 448 3267 Adsis,
465 3196 642 3274 cTegeaee,
658 3195 785 3266 savens;
808 3196 945 3274 oleraque
958 3196 1100 3259 Minerva

348 3289 523 3362 inuenirim
547 3291 677 3370 uncique
692 3311 767 3370 puer
781 3301 961 3352 monstrator
974 3295 1069 3354 aratri
1082 3314 1092 3366 3

347 3385 388 3444 Et
402 3393 539 3444 teneram
553 3387 591 3444 ab
606 3385 709 3444 radice
725 3386 836 3456 serens,
852 3387 983 3460 Silvane,
1000 3408 1178 3467 cupressum
1192 3409 1201 3461 ς
1304 3395 1345 3453 20

348 3477 453 3556 Dique
468 3479 593 3556 deaeque
609 3498 723 3551 omnes,
739 3480 870 3539 studium
885 3482 994 3560 quibua
1008 3502 1081 3542 arva
1094 3483 1183 3558 tueri,

348 3571 472 3650 Quique
486 3592 581 3631 novas
595 3573 674 3632 alitis
687 3593 747 3631 non
762 3575 824 3632 ullo
838 3575 952 3634 semine
967 3575 1082 3655 fruges,
1200 3604 1204 3615 ¹

349 3665 472 3744 Quique
487 3665 560 3726 satis
575 3667 692 3745 largum
707 3667 786 3726 coelo
802 3667 954 3728 demittitis
968 3669 1102 3730 imbrem.

387 3761 497 3838 Tuque
512 3759 599 3833 aded,
618 3778 707 3838 quam
720 3779 788 3820 mox
804 3781 871 3838 qua)
885 3762 943 3822 sint
958 3763 1097 3822 habitura
1108 3763 1234 3826 deorum

349 3853 499 3928 Concilia,
516 3855 664 3916 incertum
675 3865 745 3926 est;
769 3858 901 3916 urbesue
920 3857 1061 3932 invisere,
1078 3858 1197 3934 Ceasar,
1303 3863 1343 3923 25

348 3947 573 4026 Terrarumque
588 3950 663 4010 velis
677 3969 793 4023 euram,
809 3963 838 4010 et
852 3959 882 4010 te
896 3952 1043 4030 mamimus
1055 3953 1137 4012 orbis

347 4044 514 4103 Auctorem
527 4043 647 4122 frugum
659 4053 928 4124 tempestatumque
943 4056 1093 4125 potantem

348 4136 499 4215 Accipiat,
517 4136 642 4216 cingens
656 4137 794 4199 materni
807 4147 941 4217 tempora
955 4151 1051 4218 myrto
1066 4159 1074 4198 ε

349 4233 399 4290 Au
414 4230 488 4290 deus
502 4231 638 4292 immensi
652 4232 756 4292 venias
769 4233 872 4306 maris,
888 4254 926 4294 ac
938 4243 994 4294 tua
1005 4243 1105 4296 nautea

349 4325 482 4386 Numina
494 4326 560 4386 sola
574 4325 684 4399 colant,
700 4326 755 4386 tibi
768 4328 880 4388 serviat
894 4328 998 4388 ultima
1012 4327 1122 4402 Thule,
1301 4336 1343 4397 30
