3167 5234
612 534 788 582 AENElDOS
812 536 881 584 ΗΒ.
896 537 925 586 V.

272 671 353 732 Herc
367 672 420 731 ubi
433 671 523 743 dicta,
539 679 643 749 petunt
656 680 769 751 portus,
784 681 815 733 et
829 675 897 733 vela
909 674 1033 733 secundi

275 763 436 824 Intendunt
450 765 583 843 Zephyri
598 784 607 835 ;
630 765 798 852 seneqeita
810 768 929 845 gurgite
944 768 1071 838 classis;

275 857 315 918 Et
327 858 447 917 tundent
461 858 521 917 leti
534 868 613 918 notm
627 859 821 919 advertuntur
835 879 944 921 arenae.

312 952 354 1012 At
365 952 471 1029 procul
485 951 607 1010 excelso
620 953 743 1011 miratus
756 954 869 1013 vertice
888 956 994 1015 montis
1220 956 1259 1015 35

274 1047 445 1108 Adventum
457 1047 616 1123 sociasque
629 1056 721 1120 rates,
736 1050 869 1108 occurrit
882 1051 1021 1122 Acestes,
1327 1039 1329 1045 ¹

273 1139 426 1199 Horridus
439 1141 469 1199 in
485 1140 595 1217 jaculis
608 1149 638 1200 et
652 1142 729 1218 pelle
742 1141 906 1219 Libystidis
919 1162 997 1202 ursae
1011 1163 1019 1213 3
1136 1150 1140 1173 '

273 1233 369 1292 Troia
383 1233 513 1294 Crimiso
525 1242 703 1313 conceptum
717 1234 837 1293 flumine
851 1244 946 1295 mater

275 1326 375 1395 Quem
388 1329 501 1406 genuit.
542 1328 761 1393 Veterumnon
773 1329 927 1389 immemor
940 1331 989 1390 ille
1004 1326 1167 1411 parentium,

274 1420 423 1480 Gratatur
435 1420 563 1480 reduces
577 1441 585 1491 ς
608 1430 638 1479 et
652 1420 732 1499 gend
744 1422 830 1481 laetus
844 1423 957 1499 agresti
1219 1426 1259 1483 40

274 1513 404 1592 Excipit,
420 1533 458 1573 uc
471 1513 566 1573 sessos
578 1515 684 1591 opibus
697 1513 811 1573 soletur
829 1515 944 1574 amium.

315 1606 441 1665 Postera
456 1626 545 1683 quum
560 1608 654 1685 prime
666 1607 770 1665 stelles
782 1608 896 1666 oriente
911 1606 1031 1687 fugdrat

277 1699 370 1761 Clara
381 1700 457 1771 dies,
472 1701 571 1760 socios
584 1700 614 1759 iu
628 1709 740 1761 emtum
753 1700 851 1759 littore
866 1702 903 1758 ab
916 1702 996 1759 omni

276 1794 411 1855 Adrecet
423 1794 554 1866 AEneas,
570 1794 734 1870 tumulique
748 1810 786 1853 ex
801 1813 914 1871 aggere
928 1794 1026 1853 fatur:

262 1885 458 1965 ⁴Durdenidas
471 1887 581 1965 magni,
596 1906 693 1965 genus
706 1887 767 1947 alto
779 1906 800 1945 a
813 1888 958 1965 sauguine
972 1885 1081 1961 divium,

274 1982 401 2039 Annuus
415 1981 528 2039 exactis
542 1982 707 2058 completur
719 1981 870 2039 mensibus
885 1980 975 2054 orbis,

215 2064 226 2079 ⁹
274 2073 396 2150 Exque
408 2074 551 2151 reliquias
564 2074 714 2151 divinique
728 2092 799 2133 ossa
813 2074 945 2152 parentis

276 2166 470 2227 Condidimus
481 2165 575 2240 terrd,
590 2173 774 2245 mm'stasque
788 2168 971 2227 sacravimus
985 2188 1064 2229 aros.
1099 2224 1103 2232 ,

274 2260 403 2337 demque
417 2260 492 2332 dies,
507 2260 538 2319 ni
551 2260 649 2333 fallor,
665 2261 760 2333 udeet,
776 2280 865 2337 quem
879 2281 997 2340 semper
1011 2262 1162 2335 acerbum,

275 2354 400 2431 Semper
412 2354 589 2413 honoratum
604 2354 663 2431 (sic
677 2353 708 2412 di
722 2353 870 2431 voluistis)
885 2354 1012 2413 habebo.

275 2446 369 2505 Hune
382 2466 450 2527 ego,
463 2447 592 2508 Gaetulis
605 2466 729 2525 egerem
741 2447 768 2505 si
781 2448 919 2525 Syrtibus
933 2448 1027 2519 exsul,

275 2539 455 2618 Argolicove
468 2539 544 2599 meri
556 2540 731 2617 deprensus,
747 2548 776 2598 et
791 2541 865 2599 urbe
879 2539 1029 2618 Mycenas,

275 2634 386 2691 Annus
397 2642 466 2692 rota
478 2642 578 2692 tamen
591 2634 799 2710 solemnesque
813 2633 916 2693 ordine
931 2653 1053 2713 pempss

274 2726 477 2804 Exsequerer,
492 2735 699 2803 strueremque
712 2727 776 2787 suis
789 2726 895 2785 ulteris
908 2726 1002 2787 donis.

275 2818 305 2879 N
307 2839 368 2877 unc
381 2821 459 2878 ultro
473 2819 510 2877 ad
523 2820 642 2879 cineres
655 2820 749 2897 ipsius
762 2832 793 2879 et
806 2839 876 2879 essa
889 2818 1031 2899 pereatis,

171 2952 178 2963 ·
275 2912 370 2971 Haud
383 2912 520 2989 equidem
534 2913 599 2973 sine
613 2921 722 2983 mente,
737 2931 817 2984 reor,
833 2913 897 2973 siue
911 2913 1030 2973 numine
1044 2909 1153 2987 divium,

276 3006 438 3078 Adsumue,
454 3015 484 3065 et
497 3016 600 3085 portus
613 3007 704 3065 delati
717 3006 861 3067 intremus
875 3007 996 3067 amieos.

276 3100 361 3179 Ergo
374 3101 465 3179 agite,
482 3109 513 3160 et
525 3102 627 3159 lsrtum
640 3100 741 3159 cuncti
754 3086 946 3159 celebremus'
955 3101 1098 3161 honorem
1111 3120 1117 3159 :
1134 3156 1137 3163 .

275 3192 441 3252 Pescemus
454 3205 568 3265 ventos,
584 3202 674 3270 atque
688 3194 754 3253 haec
766 3212 814 3252 me
828 3214 917 3252 sacra
931 3195 1089 3270 quotannis

276 3285 359 3345 Urbe
372 3286 444 3345 velit
456 3285 554 3364 positi
566 3287 683 3364 templis
696 3288 753 3346 eibi
762 3287 845 3369 'ferre
858 3286 973 3347 dicetis.
1058 3352 1059 3357 χ

276 3378 354 3438 Bina
366 3382 456 3439 boum
469 3381 553 3439 vebis
567 3378 662 3456 Trejri
674 3388 836 3458 generatus
849 3381 977 3439 Acestes

277 3472 340 3530 Det
352 3492 475 3533 numero
489 3474 589 3551 capita
602 3473 632 3534 in
645 3493 739 3533 naves
752 3492 760 3529 ε
782 3473 920 3533 adhibete
934 3473 1065 3533 Penates

278 3564 320 3624 Et
333 3566 444 3643 patrios
456 3567 564 3644 epulis,
578 3575 609 3625 et
624 3587 699 3644 quos
711 3567 782 3625 colit
793 3566 902 3644 hospes
915 3567 1052 3627 Acestes.

278 3656 440 3731 Praeterea,
456 3660 482 3718 ei
496 3680 577 3719 noua
589 3660 667 3719 diem
680 3661 855 3719 mortalibus
869 3660 978 3719 almum

275 3752 398 3811 Aurora
410 3751 559 3825 extulerit,
574 3754 725 3830 radiisque
737 3753 880 3813 retexerit
894 3754 1005 3823 orbem,

277 3842 380 3904 Prima
393 3845 460 3904 cita
474 3842 601 3905 Teucris
614 3865 722 3924 ponam
736 3844 900 3904 certamino
914 3844 1020 3903 classi
1033 3861 1041 3901 τ

280 3935 401 4013 Quique
415 3937 523 4015 pedum
537 3959 627 3997 cursu
642 3939 732 4010 velet,
749 3946 779 3997 et
793 3937 845 4013 qui
858 3937 969 3995 viribus
983 3936 1091 4009 audax,

279 4029 340 4087 Aut
355 4029 459 4105 jaculo
473 4030 583 4090 incedit
596 4030 701 4091 melior
713 4030 889 4105 levibusque
903 4029 1030 4109 sagittis,

281 4122 341 4179 Seu
355 4122 448 4181 crudo
462 4124 526 4183 fidit
539 4142 669 4202 pugnarn
682 4122 865 4182 committere
880 4131 972 4181 caestu
987 4142 995 4181 z

277 4212 391 4274 Cuncti
405 4215 514 4291 edsint,
530 4218 703 4294 meritaeque
718 4224 892 4295 exspectent
906 4216 1027 4294 praemia
1040 4217 1155 4297 palme.

278 4306 342 4365 Ore
356 4307 455 4369 favete
468 4330 582 4383 omnes,
599 4318 628 4369 et
641 4318 775 4389 tempora
788 4310 898 4389 cingite
913 4310 1012 4371 remis.
