3167 5234
360 563 399 624 50
653 559 678 606 P.
702 557 874 605 VlRGILll
901 557 1074 605 usuoms

401 699 495 758 Poma
509 717 638 777 quoque,
654 705 686 755 ut
701 697 827 775 primum
840 704 963 755 truncos
972 693 1101 756 'sensere
1115 694 1261 768 valentes,

360 792 402 852 Et
416 792 495 852 vires
514 789 647 864 habuit-,e
663 811 745 862 suas,
762 793 800 849 ad
815 791 915 850 sidera
929 791 1036 869 raptim

360 884 401 944 Vi
416 883 536 964 proprisi
550 886 692 956 nituntur,
710 884 834 962 opisque
849 885 929 942 haud
943 884 1045 962 indiga
1058 892 1179 943 nostrae.

400 979 468 1038 Nec
481 979 578 1038 minda
592 980 707 1037 interea
721 979 795 1038 foetu
809 997 915 1036 nemus
928 997 1015 1037 omne
1030 977 1192 1055 gravescit,

361 1073 602 1151 Sanguineisque
617 1072 729 1131 inculta
744 1075 851 1131 rubent
866 1072 980 1130 aviaria
993 1072 1119 1142 baccis;
1292 1074 1353 1132 430

359 1166 535 1226 Tondentur
549 1167 637 1243 cytisi
654 1185 662 1235 ;
684 1166 778 1224 taedas
791 1167 868 1224 silva
882 1167 943 1223 alta
956 1165 1113 1236 ministrat,

358 1259 589 1338 Pascunturque
603 1260 691 1338 ignes
703 1261 853 1330 nocturni,
870 1267 901 1317 ct
919 1256 1032 1316 lumina
1044 1258 1179 1316 fundunt.

359 1353 400 1412 Et
415 1353 550 1412 dubitant
564 1353 698 1411 homiues
712 1371 826 1424 serere,
843 1361 933 1430 atque
948 1351 1120 1429 impendere
1135 1355 1258 1411 curam!

361 1446 441 1516 Quid
457 1449 570 1524 majora
586 1467 698 1524 sequar
714 1447 724 1502 i
747 1448 856 1506 salices
870 1447 1057 1522 humilesque
1071 1446 1207 1523 genistas,

358 1538 420 1600 Aut
435 1541 493 1600 illae
509 1541 611 1619 pecori
626 1540 769 1611 frondem,
787 1548 839 1598 aut
858 1541 1026 1618 pastoribus
1040 1541 1161 1597 umbras
1291 1543 1351 1600 4³5

360 1635 529 1706 Sufficiunt,
545 1635 707 1712 deponique
722 1635 805 1705 satis,
822 1643 853 1692 et
867 1635 977 1711 pabula
992 1633 1081 1691 melli.

360 1731 399 1790 Et
417 1731 503 1807 jurat
518 1730 678 1788 undantem
693 1730 772 1786 buxo
786 1739 925 1806 spectare
941 1728 1099 1806 Cytorum,

359 1823 388 1883 N
391 1823 561 1901 eryciaeque
578 1821 652 1900 picis
666 1823 751 1881 lucos
767 1841 774 1880 :
792 1822 966 1899 juvaturus
980 1822 1094 1892 videre,

359 1917 387 1976 N
390 1937 429 1975 on
442 1917 559 1988 rastris,
577 1915 727 1974 hominum
742 1935 801 1974 non
816 1916 868 1973 ulli
882 1915 1012 1974 obnoxia
1025 1933 1117 1974 curae.

359 2008 437 2088 Ipsus
453 2009 606 2069 Caucasio
621 2010 738 2067 steriles
754 2010 784 2067 in
799 2010 912 2068 vertice
926 2009 1020 2080 silvae,

359 2103 446 2171 Quas
461 2103 586 2162 animosi
600 2101 677 2161 Euri
692 2103 814 2161 assidue
827 2103 1030 2181 franguntque
1045 2102 1214 2179 feruntque,

357 2195 441 2256 Dant
456 2197 531 2256 alios
544 2197 611 2256 aliae
625 2198 737 2266 foetus3
762 2197 834 2255 dant
849 2198 921 2255 utile
936 2197 1059 2274 lignum,

357 2291 496 2370 Navigiie
512 2291 606 2368 pinos,
623 2290 759 2348 domibus
773 2291 958 2366 cedrumque
971 2309 1192 2367 cupressosque
1207 2309 1217 2362 ς

357 2383 440 2442 Hinc
455 2386 555 2443 radios
568 2383 681 2444 trivere
696 2386 779 2456 rotis,
796 2385 866 2443 hinc
879 2393 1022 2462 tympana
1037 2384 1177 2462 plaustris

357 2477 519 2556 Agricolae,
538 2487 566 2536 et
581 2478 695 2556 pandas
709 2479 824 2536 ratibus
838 2476 965 2556 posuere
979 2478 1110 2536 carinas.

356 2571 526 2630 Viminibus
539 2573 649 2630 salices
664 2573 824 2641 foecundae,
840 2571 995 2630 frondibus
1010 2571 1081 2628 irlmi
1093 2562 1117 2628 t¹

356 2666 398 2724 At
412 2677 527 2742 myrtus
540 2666 644 2724 validis
659 2667 826 2736 hastilibus,
843 2676 874 2724 et
888 2668 966 2723 bona
980 2665 1060 2723 bello

358 2757 479 2818 Cornus
494 2778 501 2828 ;
523 2758 651 2817 Ituraeos
665 2760 726 2816 taxi
740 2769 919 2836 torquentur
932 2760 961 2817 in
977 2779 1076 2818 arcus.

357 2851 386 2911 N
389 2872 424 2910 ec
438 2853 509 2911 tiliae
524 2852 606 2910 leves
620 2861 672 2910 aut
688 2861 775 2911 toruo
791 2852 882 2910 rasile
896 2855 1007 2910 burum

356 2944 384 3004 N
388 2965 426 3004 on
441 2946 565 3005 sormam
581 2947 741 3024 accipiunt,
759 2947 899 3022 ferroque
914 2954 1059 3005 cavantur
1073 2955 1173 3007 acuto.

356 3040 424 3099 Nec
438 3060 496 3100 non
511 3049 541 3098 et
554 3050 718 3100 torrentem
732 3041 841 3099 undam
856 3041 931 3100 levis
945 3042 1058 3099 innatat
1073 3041 1169 3112 alnus,

356 3133 452 3192 Missa
466 3135 570 3205 Pado;
594 3153 651 3193 uec
666 3155 724 3194 non
740 3145 769 3193 et
784 3155 858 3212 apes
872 3136 1010 3193 examina
1024 3134 1156 3193 condunt

358 3227 590 3305 Corticibusque
605 3230 688 3287 cavis
702 3229 877 3305 vitiosaeque
893 3229 969 3292 ilicis
983 3229 1078 3287 alveo.

356 3320 438 3388 Quid
453 3324 675 3381 memorandum
689 3322 775 3399 aequd
789 3323 944 3380 Baccheia
956 3323 1035 3380 dona
1048 3323 1180 3380 tulerunt
1195 3321 1207 3379 l

355 3413 495 3473 Bacchus
510 3424 539 3473 ct
554 3415 592 3473 ad
605 3417 723 3494 culpam
738 3435 849 3474 causas
863 3416 942 3472 dedit
959 3435 965 3471 ε
989 3416 1039 3474 ille
1053 3415 1187 3474 furentes

357 3506 528 3566 Centauros
542 3509 602 3566 leto
617 3509 737 3579 domuit,
755 3509 971 3586 Rhoetumque,
988 3509 1186 3586 Pholumque,

338 3601 396 3659 ¹Et
411 3621 519 3678 magno
534 3601 678 3678 Hylaenrn
691 3602 828 3680 Lapithis
842 3612 960 3660 cratere
975 3603 1146 3661 minantem.

395 3695 423 3753 Ο
438 3695 602 3753 fortunatos
621 3694 751 3766 nimium,
767 3715 823 3754 sna
838 3696 864 3754 ai
878 3698 956 3754 bona
970 3694 1080 3768 udrint,

355 3789 535 3868 Agricolas!
559 3789 666 3865 quibus
680 3789 756 3866 ipsa,
773 3791 878 3866 procul
891 3790 1078 3849 discordibus
1092 3790 1193 3863 armis,

355 3881 466 3940 Fundit
480 3882 569 3939 humo
583 3882 701 3940 facilem
717 3884 827 3941 victum
843 3883 1010 3960 justissima
1023 3885 1122 3944 tellus.

357 3974 460 4032 Sinon
474 3975 625 4053 ingentem
639 3975 752 4035 foribus
766 3977 872 4036 domus
886 3978 948 4036 alta
961 3978 1100 4054 superbis

355 4065 448 4124 Mane
463 4068 643 4124 salutantium
657 4071 726 4128 totis
741 4071 830 4129 vomit
845 4070 959 4129 aedibus
973 4069 1094 4140 undam,

355 4157 423 4218 Nec
438 4161 536 4218 varios
551 4160 664 4219 inhiant
679 4163 805 4239 pulchris
817 4165 965 4223 testudine
980 4175 1091 4241 postes,

355 4251 523 4329 Illusasque
538 4273 611 4311 auro
625 4264 734 4326 vestes,
750 4257 965 4334 Ephyreiaque
980 4276 1064 4325 aera3

354 4343 434 4406 Alba
449 4365 547 4423 noque
560 4348 688 4425 Assyrio
702 4348 821 4409 fucatur
832 4352 904 4410 lana
918 4371 1045 4423 veneno,
