3167 5234
388 536 447 593 260
676 528 703 574 r.
727 528 893 577 vracrnrr
921 528 1093 575 ussurus
1195 504 1200 513 ’
1230 590 1232 597 ⁴

387 669 522 731 Prodidit
535 642 745 739 immemorem,
761 668 912 744 radiisque
928 666 1054 726 adversa
1068 664 1195 724 refulsit.

387 762 481 823 Haud
495 762 606 820 temere
622 770 667 819 est
680 761 784 839 risum
827 760 1003 821 Conclamat
1018 760 1056 817 ab
1071 758 1189 836 agmine
1202 758 1373 821 Volscam:

388 858 483 927 State,
499 855 576 925 viri;
601 874 667 930 quae
682 846 777 913 bausa
791 855 847 912 viae
862 854 873 909 ἒ
895 854 983 928 quive
998 853 1070 909 aslis
1083 852 1113 909 in
1128 852 1219 910 armis
1233 850 1245 907 i
1317 856 1374 915 ate

388 950 497 1017 Qudne
511 950 619 1007 tenetis
633 949 690 1006 iter
705 949 716 1004 i
738 949 822 1008 Nihil
835 948 877 1005 illi
890 947 1013 1005 tendere
1029 946 1154 1015 contrb;

388 1046 447 1104 Sed
462 1045 598 1102 celerare
613 1044 758 1121 sugamia
772 1043 875 1114 silvas,
891 1050 920 1100 et
935 1041 1027 1099 fidere
1040 1041 1130 1099 nocti.

388 1140 539 1215 Objiciunt
553 1140 669 1215 equites
682 1157 750 1196 sese
765 1138 802 1195 ad
818 1138 944 1196 divortia
958 1146 1029 1195 nota

387 1232 469 1290 Hinc
484 1245 574 1309 atque
589 1232 668 1303 binc,
684 1250 861 1307 omnemque
876 1231 986 1289 obitum
1001 1230 1124 1288 custode
1139 1238 1292 1291 coronant.
1313 1232 1373 1293 880

387 1326 468 1384 Silva
482 1325 536 1383 suit
549 1325 609 1383 latd
623 1326 719 1384 dumis
733 1334 824 1401 atque
839 1324 907 1383 ilice
922 1323 1011 1402 nigri

385 1417 530 1489 Horrida,
547 1438 636 1494 quam
650 1418 733 1476 densi
747 1416 931 1495 complerant
946 1417 1076 1494 undique
1090 1424 1191 1477 sentes
1207 1436 1216 1489 ς

385 1512 472 1570 Rara
486 1532 539 1589 par
551 1514 686 1570 occultos
699 1512 820 1571 lucebat
834 1512 939 1571 semita
953 1512 1055 1569 calles.

385 1604 551 1681 Euryalum
564 1607 697 1663 tenebre
711 1624 860 1663 ramorum
874 1623 1060 1681 onerosaque
1076 1602 1177 1681 preda

386 1696 563 1775 Impediunt,
578 1698 713 1773 fallitque
726 1699 814 1756 timor
830 1698 955 1775 regione
971 1699 1095 1755 viarum.
1174 1772 1178 1779 .
1317 1700 1373 1758 ³85

386 1790 479 1849 Nisus
493 1793 574 1849 abit:
593 1792 715 1867 jamque
731 1791 902 1869 imprudens
916 1800 1055 1849 evaserat
1070 1792 1181 1863 hostes,

386 1885 486 1961 Atque
500 1885 595 1956 lacus,
612 1885 662 1961 qui
677 1884 753 1961 pbst,
769 1886 855 1943 Albae
871 1885 908 1942 de
923 1886 1051 1956 nornine,
1067 1884 1138 1943 dicti

385 1978 497 2036 Albani
510 1998 517 2047 ;
540 1986 603 2035 tum
616 1998 669 2035 rex
683 1978 801 2036 stabula
815 1980 876 2036 alta
889 1978 1015 2037 Latinus
1034 1978 1173 2037 habebat.

384 2069 425 2127 Ut
439 2072 528 2141 stetit,
544 2081 575 2129 et
589 2071 700 2129 frustra
714 2073 868 2129 absentem
883 2073 1011 2149 respexit
1026 2072 1154 2129 amicum
1168 2089 1175 2128 τ

384 2162 530 2241 Euryale,
547 2165 647 2222 infelix
663 2164 766 2241 quiite
779 2166 904 2242 regione
919 2164 1051 2241 reliquii
1149 2196 1151 2203 ·
1312 2165 1373 2223 890

298 2288 301 2296 .
386 2256 493 2324 Quive
509 2258 644 2334 sequar?
665 2258 785 2316 Rursus
799 2259 970 2335 perplexum
985 2258 1041 2315 iter
1055 2276 1142 2315 omne
1156 2257 1313 2317 revolvens

384 2350 516 2415 Fallacia
531 2352 624 2421 silvae,
641 2352 771 2409 simulet
785 2350 912 2429 vestigia
925 2358 1006 2409 retro

385 2440 554 2503 Observata
568 2445 651 2523 legit,
667 2446 823 2523 dumisque
837 2445 991 2503 silentibus
1005 2434 1096 2505 errat.⁵

384 2537 476 2595 Audit
490 2557 594 2613 equos,
611 2538 692 2596 audit
705 2540 846 2616 strepitus
861 2547 890 2595 et
904 2539 991 2616 signa
1005 2536 1189 2614 sequenttim.

384 2630 452 2688 Nec
467 2632 587 2709 longum
601 2631 630 2688 in
644 2631 740 2689 medio
754 2640 881 2709 tempus,
898 2650 988 2707 quum
1003 2633 1117 2689 clamor
1133 2632 1169 2689 ad
1184 2648 1274 2689 auras
1313 2632 1371 2691 aab

383 2721 536 2794 Pervenit,
552 2744 589 2781 ac
604 2724 682 2782 videt
697 2725 875 2801 Euryalum,
892 2744 978 2801 quern
988 2724 1051 2800 jam
1066 2744 1171 2783 manus
1184 2724 1291 2799 omnis,

383 2816 505 2875 Fraude
519 2818 576 2874 loci
591 2826 621 2875 et
635 2817 742 2888 noctis,
759 2818 857 2876 subito
870 2820 1009 2876 turbante
1022 2818 1160 2890 tumultu,

384 2909 569 2986 Oppressum
580 2910 658 2987 rapit
672 2919 702 2967 et
715 2920 872 2969 conantem
888 2912 1014 2988 plurima
1028 2911 1147 2971 frustra.

384 3002 465 3069 Quid
480 3003 570 3061 saciat
587 3002 598 3059 i
620 3003 681 3079 qui
693 3004 723 3061 ri
732 3004 885 3078 juvenem,
902 3005 1009 3081 quibus
1023 3003 1131 3062 audeat
1144 3004 1236 3063 umis
1285 3072 1291 3079 ἱ

382 3094 511 3171 Eripere
527 3095 538 3151 ?
559 3114 597 3152 an
611 3115 679 3153 sese
693 3097 807 3154 medios
820 3098 980 3155 moriturus
993 3097 1024 3155 in
1038 3114 1127 3155 enses
1311 3100 1370 3157 400

384 3185 507 3259 luserat,
524 3197 554 3247 et
567 3188 721 3265 pulchram
735 3198 873 3267 properet
888 3210 941 3267 per
954 3191 1080 3248 vulnera
1092 3190 1241 3251 mortem?

383 3281 478 3340 Ocius
492 3281 620 3339 adducto
633 3289 777 3358 torquens
791 3283 899 3342 hastile
913 3283 1038 3354 lacerto,

384 3374 558 3451 suspiciens
573 3373 663 3431 altam
677 3372 806 3446 Lunam,
823 3376 867 3433 eie
882 3394 956 3433 voce
971 3384 1132 3452 precatur:

381 3466 441 3539 Tu,
457 3468 524 3538 dea,
539 3476 572 3525 tu
587 3487 718 3545 praesens
732 3477 833 3527 nostro
847 3488 990 3527 succurre
1004 3469 1109 3541 labori,

381 3561 539 3619 Astrorurn
551 3561 655 3631 decus,
670 3570 700 3618 et
714 3580 866 3621 nemorum
881 3561 1010 3621 Latonia
1024 3572 1134 3621 custos.
1310 3562 1367 3625 40⁵

382 3654 414 3712 Si
429 3672 488 3729 qua
501 3654 560 3710 tuis
574 3672 704 3729 unquam
718 3674 772 3732 pro
785 3674 833 3713 rna
847 3663 932 3732 pater
945 3654 1101 3731 Hyrtacus
1115 3654 1176 3715 uris

380 3744 471 3805 Done
483 3747 560 3817 tulit,
575 3747 601 3804 si
616 3766 675 3823 qua
688 3749 751 3825 ipse
765 3750 839 3807 meis
854 3749 1009 3808 venatibus
1022 3749 1102 3823 ausi,

382 3840 566 3917 Suspendiva
580 3841 671 3910 tholo,
686 3850 737 3899 aut
752 3861 840 3900 sacra
854 3841 890 3899 ad
905 3842 1023 3920 fastigia
1037 3842 1088 3901 fixi
1102 3861 1109 3899 z

380 3932 473 3991 Hunc
487 3934 551 3991 sine
565 3952 612 3991 nie
626 3936 747 3992 turbare
760 3934 892 4012 globum,
908 3943 1025 4012 et·rege
1037 3936 1099 3995 tela
1113 3954 1165 4013 per
1180 3954 1285 3995 auras.

380 4024 506 4083 Dixerat
522 4044 530 4094 ;
553 4034 583 4083 et
597 4035 659 4085 toto
672 4030 818 4087 connixus
832 4046 957 4106 corpore
972 4029 1083 4087 ferrum
1306 4028 1364 4089 410

382 4115 532 4192 Conjicit:
553 4120 641 4179 basta
654 4122 757 4180 volana
770 4123 867 4181 noctis
881 4124 1050 4181 diverberat
1064 4124 1194 4196 umbras,

380 4210 420 4267 Et
434 4212 513 4268 venit
528 4214 626 4273 aversi
640 4216 669 4273 in
681 4223 799 4294 tergum
816 4218 973 4288 Sulmonis,
990 4218 1091 4294 ibique

380 4302 552 4383 Frangitur,
568 4326 604 4365 ac
618 4308 689 4368 fisso
702 4312 808 4369 transit
823 4312 987 4395 precordia
1005 4309 1096 4390 ligno.
