3167 5234
337 547 376 606 ῃ
624 537 650 584 I’.
674 532 841 585 VIRGILII
866 531 1039 586 usuoms

231 733 235 748 ,
336 680 377 741 Et
390 679 521 738 mulcere
535 675 616 736 dedit
630 675 749 748 fluetus,
764 683 795 736 et
808 675 914 736 tollere
928 675 1044 753 uentu)

336 775 421 835 Gens
435 773 554 832 inimice
567 770 639 840 mibi
650 770 841 846 Tyrrhenum
854 769 977 847 neriget
990 787 1104 846 equor,

336 869 424 928 Ilium
437 868 467 926 in
482 867 600 924 Italiam
614 875 745 943 mitens,
762 865 916 940 victosque
929 863 1061 925 Penetes
1076 880 1084 920 τ

336 961 441 1025 Incute
455 961 514 1020 vim
527 959 634 1029 ventis,
650 959 881 1034 submersasque
894 959 988 1016 obrue
1002 973 1116 1034 puppes
1133 975 1143 1027 3

335 1055 398 1116 Aut
413 1073 470 1134 ege
484 1054 629 1124 diversos,
645 1049 675 1110 et
688 1051 791 1128 disjice
806 1069 934 1129 corpore
947 1058 1045 1128 ponto.
1283 1054 1326 1114 to

336 1150 410 1208 Sunt
424 1148 494 1207 mihi
508 1147 554 1206 bis
568 1155 682 1223 septem
696 1144 848 1222 prmstenti
861 1163 987 1222 corpore
1001 1143 1030 1202 N
1031 1143 1161 1222 ympbm,

336 1241 481 1312 Quorum,
499 1260 565 1317 qum
580 1237 675 1299 sormi
689 1238 899 1315 pulcherrime,
915 1237 1084 1314 Delopenm

335 1335 494 1396 Connubio
510 1334 635 1412 jungam
649 1332 759 1402 stabili,
776 1332 985 1408 propriamque
1000 1331 1107 1392 dicebo
1123 1350 1133 1402 ;

334 1428 447 1490 Omnes
460 1436 492 1486 ut
506 1437 606 1486 tecum
620 1426 733 1485 meritis
747 1445 801 1502 pro
813 1425 924 1503 telibus
937 1443 1033 1483 unnoe

333 1521 456 1600 Exiget,
471 1529 501 1579 et
516 1518 641 1598 pulchri
654 1519 744 1578 saciet
757 1527 787 1575 te
803 1518 885 1595 prole
899 1527 1063 1595 parentem.
1281 1521 1322 1582 te

372 1617 485 1677 AEolus
497 1616 563 1674 hene
577 1616 683 1674 contrd
697 1633 704 1671 :
729 1613 827 1685 Tuus,
842 1633 861 1670 o
874 1615 992 1692 regius,
1008 1613 1078 1690 quid
1091 1621 1177 1692 optes

333 1710 500 1789 Explorsre
514 1711 600 1769 labor
613 1728 621 1778 ;
645 1708 715 1767 mihi
731 1707 820 1784 jussu
831 1727 992 1785 capessere
1005 1707 1052 1766 Ius
1065 1716 1121 1768 est.

333 1804 381 1863 Tu
396 1803 477 1876 mibi,
495 1802 701 1880 quodcumque
715 1801 772 1862 hoc
785 1803 883 1880 regui,
898 1810 932 1860 tu
945 1811 1066 1878 sceptro
1076 1801 1244 1880 Iovemque
1329 1818 1334 1825 ·

333 1896 489 1959 concilias
503 1915 511 1966 3
534 1906 567 1955 tu
580 1896 635 1954 dus
648 1897 744 1973 epulis
757 1897 938 1954 accumbere
951 1892 1061 1967 divium,

332 1991 568 2068 Nimborumque
583 1991 659 2050 secie
671 1999 940 2069 tempestatumque
954 1999 1112 2068 potentem.
1279 1993 1320 2054 80
1348 2034 1352 2042 -

372 2085 452 2144 Haec
467 2085 517 2145 ubi
531 2085 620 2156 dictu,
637 2103 743 2144 cerum
757 2083 906 2143 converse
918 2084 1042 2162 cuspide
1055 2092 1185 2144 montem

333 2180 452 2258 Impulit
466 2181 496 2238 in
510 2181 608 2240 letust
631 2198 667 2237 ec
682 2180 772 2251 venti,
788 2180 871 2239 velut
884 2180 1003 2258 agmine
1016 2179 1106 2252 fecto,

333 2272 405 2341 Qus
417 2274 488 2332 dete
505 2281 600 2352 porte,
617 2283 716 2345 ruunt,
733 2282 763 2332 et
780 2282 879 2332 terres
890 2274 1010 2332 turbine
1023 2273 1160 2351 perdunt.

332 2365 502 2428 Incubudre
516 2367 602 2438 meri,
617 2374 771 2444 totumque
785 2387 805 2426 e
817 2367 940 2426 sedibus
958 2365 1025 2426 imis

331 2460 402 2522 Une
420 2462 581 2538 Eurusque
594 2461 752 2538 Notusque
765 2470 867 2532 ruunt,
882 2463 1050 2537 creberque
1063 2461 1203 2539 procellis
1279 2464 1319 2524 dd

331 2555 453 2614 Africus
467 2574 475 2625 ;
498 2563 528 2614 ct
542 2563 643 2614 vestes
657 2556 778 2614 volvunt
792 2554 831 2614 ed
851 2555 951 2613 littore
963 2554 1081 2614 fluctus.

332 2646 503 2724 Insequitur
516 2650 689 2724 clamorque
704 2646 809 2719 virdm,
824 2648 993 2725 stridorque
1006 2647 1174 2710 rudentum.

331 2739 470 2818 Eripiunt
484 2740 581 2800 subitd
595 2743 691 2802 nubes
705 2741 876 2818 coelumque
889 2742 1029 2818 diemque

331 2836 520 2896 Teucrorum
533 2855 571 2895 ex
585 2837 679 2896 oculis
694 2857 701 2894 ε
724 2846 814 2916 ponto
827 2858 885 2897 nox
899 2838 1022 2897 incubet
1035 2845 1111 2898 etru.

332 2929 493 2989 Intonuere
508 2930 577 3008 poli,
592 2938 622 2988 et
638 2931 753 2990 crebris
767 2932 857 2992 micet
871 2932 990 3009 ignibus
1003 2932 1119 3003 mtlien
1278 2934 1319 2992 90

330 3022 575 3100 Proesentemque
589 3024 661 3083 viris
674 3024 820 3084 intentent
833 3024 934 3084 omnis
946 3033 1080 3086 mortem.

371 3117 529 3196 Extemplo
543 3119 656 3178 AEnem
670 3119 828 3178 solvuntur
840 3120 952 3196 frigore
965 3120 1107 3180 membre.

331 3209 471 3290 Ingemit,
486 3219 526 3284 et,
543 3211 677 3289 duplices
690 3213 817 3271 tendens
831 3211 868 3272 sd
882 3212 983 3272 sideru
996 3213 1120 3289 palmes,

331 3305 420 3365 Tulin
433 3325 507 3364 voce
521 3305 612 3364 refert
627 3323 634 3363 ε
657 3303 687 3364 Ο
699 3314 807 3382 terque
821 3315 988 3382 quaterque
1002 3305 1083 3366 besti

332 3397 429 3466 Queis
443 3408 510 3458 ente
524 3419 579 3458 orn
592 3408 718 3478 petrum,
736 3398 838 3476 Trojae
850 3401 907 3460 sub
919 3401 1067 3460 moenibus
1079 3400 1158 3473 eltis,
1277 3403 1318 3460 96

332 3491 467 3571 Contigit
481 3501 621 3572 oppetere
637 3498 643 3552 !
666 3491 839 3553 nDenerim
854 3494 1013 3555 fortissime
1026 3494 1125 3572 gent'u

331 3583 459 3664 Tydide,
475 3606 561 3646 mene
576 3586 676 3646 lliecis
689 3589 869 3646 occumbere
882 3589 996 3666 cempis

330 3679 361 3740 N
363 3701 402 3739 on
415 3682 556 3758 potuisse,
572 3680 686 3758 tuique
700 3682 828 3742 animem
841 3684 919 3742 benc
933 3682 1088 3742 effundere
1098 3680 1226 3746 dextri!

331 3774 435 3834 Saevus
450 3775 500 3834 ubi
512 3775 655 3835 AEucidn
669 3775 730 3834 telo
746 3777 830 3852 jacet
843 3776 972 3848 Hector,
988 3776 1039 3836 nbi
1052 3776 1159 3856 ingens

331 3867 495 3946 Sarpedon,
512 3870 564 3927 ubi
575 3877 619 3928 tot
633 3870 740 3929 Simois
754 3879 893 3948 correpte
905 3871 962 3929 sub
977 3870 1063 3930 undis
1261 3871 1318 3930 100

331 3961 424 4020 Scute
436 3959 531 4020 virum
543 3964 708 4041 galeasque
722 3972 753 4022 et
765 3964 855 4024 fortio
867 3983 996 4043 corpore
1008 3966 1121 4026 volvit(

370 4052 458 4112 Telis
474 4055 601 4130 jacienti
619 4057 747 4117 stridens
763 4057 913 4134 Aquilone
928 4059 1061 4136 procelle

276 4201 281 4218 ,
331 4145 442 4206 Velum
459 4147 585 4207 adverse
597 4149 674 4222 ferit,
689 4151 859 4228 fluctusque
872 4152 911 4211 nd
927 4153 1027 4212 sidere
1039 4151 1125 4214 tollit.

331 4239 525 4319 Franguntur
537 4241 611 4300 remi
625 4261 632 4311 ;
655 4251 717 4302 tum
732 4265 822 4323 prore
833 4247 951 4318 evertit,
966 4255 997 4304 et
1010 4245 1099 4306 undis

332 4335 396 4397 Det
408 4335 506 4406 luen
529 4334 695 4410 insequitur
708 4340 827 4400 cumulo
841 4349 1007 4420 proruptus
1021 4359 1108 4422 eque
1122 4360 1216 4404 mons.
1259 4340 1315 4401 105
