3167 5234
554 547 729 598 AEnntuos
749 550 818 598 ΗΒ.
832 549 878 598 VI.

228 689 283 750 Bis
296 696 423 748 conotus
436 695 500 746 erst
514 705 602 748 cesus
616 688 760 767 effingere
773 689 805 748 in
819 709 892 749 soro
905 708 914 758 ς

229 784 283 843 Bis
296 783 399 860 petrice
413 779 551 842 cecidere
565 801 678 842 munus.
720 781 803 849 Quin
816 791 956 860 protenus
968 779 1069 840 omnic

229 876 426 954 Periegcrent
439 875 545 946 oculis,
561 875 592 934 ni
607 876 669 950 jem
684 877 853 954 premissus
865 875 999 934 Achates

229 965 355 1041 A'fl'oret,
372 977 462 1044 atque
475 966 537 1026 nnis
549 968 656 1028 Phoebi
669 968 841 1046 Triviaeque
854 968 1007 1041 sacerdos,
1173 968 1213 1026 86

229 1061 389 1140 Deiphobe
403 1061 523 1132 Glauci,
540 1062 619 1121 sotor
633 1081 699 1139 quse
713 1063 785 1122 telio
798 1063 884 1142 regi:

229 1155 258 1214 N
261 1175 299 1216 on
313 1155 371 1214 hoc
384 1155 441 1214 ists
454 1155 511 1215 sibi
523 1163 640 1233 tempus
654 1157 828 1234 spectacula
841 1157 953 1235 poscit:

230 1247 320 1308 Nunc
335 1267 430 1327 grege
444 1247 480 1306 de
495 1248 607 1307 intecto
620 1257 734 1326 septem
746 1259 880 1308 mcctcro
895 1249 1042 1326 juvencos

229 1340 418 1412 Proestiterit,
435 1341 556 1400 totidem
569 1341 664 1400 lectas
678 1342 715 1400 de
730 1362 812 1400 more
826 1343 970 1402 bidentes.

267 1435 394 1494 Toiibus
408 1435 638 1494 effctcAEnecn
653 1433 990 1510 (necescrcmorontur
1175 1434 1214 1490 40

230 1526 324 1586 Jusss
337 1527 407 1605 viri)
422 1527 559 1586 Teucros
573 1534 660 1585 vocet
674 1527 734 1586 olto
749 1527 903 1604 intemplo
914 1526 1066 1586 sacerdos.

230 1619 375 1678 Excisum
388 1620 533 1678 Eubo'tcae
548 1619 626 1678 lctus
639 1619 744 1697 ingens
757 1619 840 1696 rupis
853 1619 884 1678 in
897 1629 1025 1691 antrum,

232 1712 302 1780 Qut
316 1713 369 1773 loti
383 1713 493 1772 ducunt
508 1713 604 1772 editus
618 1722 747 1786 centum,
764 1715 841 1772 ostis
854 1722 995 1782 centum3

231 1804 317 1863 Unde
332 1813 422 1864 ruunt
434 1805 557 1864 totidem
570 1825 670 1878 voces,
686 1825 832 1884 responso
846 1807 976 1884 Sibyllae.

229 1898 362 1958 Ventum
376 1907 441 1956 eret
455 1899 492 1956 sd
506 1899 606 1970 limen,
623 1917 713 1974 quum
727 1901 823 1978 virgo,
838 1900 969 1960 Poscere
984 1899 1047 1959 sets
1174 1902 1213 1958 45

231 1991 374 2068 Tempus,
390 1991 452 2049 sit:
474 1989 559 2064 deus,
576 2010 659 2062 ecce,
676 1991 759 2050 deus.
802 1991 863 2052 Cui
876 1993 949 2050 tetis
961 1991 1035 2052 t‘cnti

231 2085 310 2143 Ante
325 2084 415 2156 sores,
432 2084 529 2144 subitd
544 2105 602 2144 non
616 2085 725 2159 vuitus,
741 2105 801 2145 non
814 2087 897 2145 color
911 2105 998 2158 unns,

232 2177 299 2236 Non
314 2185 440 2255 comptss
453 2176 591 2238 mansere
606 2197 698 2238 comoe
714 2198 722 2249 ;
747 2179 801 2236 sed
815 2186 920 2256 pectus
939 2180 1077 2240 anhelum

232 2269 273 2330 Et
285 2272 370 2330 rabie
385 2271 449 2330 fere
462 2271 554 2331 cordo
567 2279 691 2343 tument,
707 2271 861 2348 majorque
875 2272 980 2350 videri,

232 2363 262 2424 N
263 2383 299 2422 ec
313 2365 439 2422 mortale
453 2383 563 2424 sonans
578 2385 585 2435 ;
611 2363 711 2424 afficte
728 2374 774 2423 est
788 2366 907 2425 numine
922 2365 1041 2443 quondo
1176 2368 1216 2426 50

233 2456 302 2516 Jenr
316 2459 452 2536 propiore
467 2459 524 2518 dei.
566 2458 681 2520 Cessas
694 2460 724 2517 in
738 2466 807 2518 vote
821 2477 998 2536 precesque,

233 2550 322 2624 Tros,
340 2552 389 2623 cit,
405 2551 533 2612 AEnec?
554 2573 657 2612 cessas
671 2552 682 2608 i
708 2571 806 2629 neque
820 2552 898 2610 enim
912 2551 982 2611 unte
996 2551 1150 2614 dehiscent

234 2644 376 2705 Attonitos
390 2665 500 2726 magne
513 2665 565 2706 ore
579 2641 692 2706 domnis.
734 2645 775 2706 Et
788 2645 861 2704 telis
875 2646 946 2717 soto,

236 2737 397 2800 Conticuit.
439 2740 565 2800 Gelidus
578 2740 707 2799 Teucris
721 2760 774 2818 per
787 2740 863 2800 durs
876 2730 1008 2800 cucurrit

234 2833 314 2894 Ossa
326 2843 438 2894 tremor
452 2855 460 2905 ;
484 2835 637 2912 funditque
652 2855 757 2914 preces
771 2853 825 2894 rex
839 2844 960 2912 pectore
974 2836 1012 2893 sb
1026 2835 1105 2894 imo:
1178 2838 1218 2894 56

273 2927 399 3000 Phoebe,
416 2948 525 3007 graves
538 2929 638 3004 Trojae
653 2948 770 3006 semper
782 2929 922 2986 miserete
935 2929 1065 3001 labores,

234 3020 380 3080 Dardano
394 3022 444 3098 qui
456 3021 574 3081 Paridis
588 3021 695 3080 direxti
708 3023 768 3080 tels
781 3039 947 3098 manusque

237 3113 356 3193 Corpus
370 3115 400 3172 in
413 3115 564 3186 AEccidae,
580 3133 705 3192 mcgncs
719 3115 860 3173 obeuntis
872 3124 970 3173 terres

236 3206 294 3266 Tot
308 3209 403 3267 meris
417 3209 535 3280 intravi,
551 3207 627 3266 duce
641 3216 681 3279 te,
698 3207 874 3285 penitusque
888 3206 1025 3285 repdstes
1076 3225 1082 3252 ¹

234 3297 402 3378 Massylum
415 3309 530 3379 gentes,
548 3307 750 3378 prestenthue
765 3301 902 3377 Syrtibus
915 3319 1007 3370 crvc;
1180 3303 1220 3359 60

234 3393 305 3457 Jem
318 3393 439 3452 tandem
452 3393 547 3452 Itnliae
562 3393 702 3472 fugientis
716 3392 887 3471 prendimus
900 3411 990 3451 ores:

236 3485 309 3544 Hso
322 3486 455 3563 Trojcnc
467 3495 555 3546 tenus
568 3486 656 3545 fuerit
670 3486 789 3544 fortuna
803 3493 917 3544 secute„

236 3579 303 3637 Vos
318 3597 434 3656 qnoque
448 3579 622 3658 Pergameae
638 3578 702 3654 jam
714 3579 760 3638 fes
774 3587 820 3637 est
832 3597 956 3656 parcere
969 3577 1061 3656 genti,

236 3671 341 3748 Dique
355 3671 479 3748 deaeque
492 3691 606 3744 omnes,
622 3673 729 3749 quibus
743 3672 855 3730 obstitit
869 3672 967 3741 Ilium,
983 3679 1013 3728 et
1027 3670 1134 3749 ingens

237 3765 345 3826 Gloria
360 3764 535 3824 Dnrdenire.
578 3763 696 3841 Tuque,
712 3784 731 3822 o
746 3764 933 3823 sanctissimo
946 3769 1040 3833 vetes,
1182 3763 1221 3822 65

237 3857 373 3917 Prssscie
385 3860 513 3929 venturi,
529 3857 577 3930 de,
593 3877 652 3916 nou
666 3857 798 3916 indebita
811 3876 903 3933 posco

239 3951 349 4030 Regna
362 3951 437 4010 meis
451 3951 529 4024 sctis,
545 3952 634 4010 Letio
648 3949 803 4009 considero
819 3947 965 4020 Teucros,

239 4044 446 4120 Errantesque
460 4045 542 4116 deos,
560 4045 727 4122 agitatoque
742 4042 864 4100 numina
876 4040 985 4117 Trojae.

241 4136 318 4195 Tum
332 4137 448 4196 Phoebo
462 4147 491 4196 ct
506 4135 617 4196 Triviae
631 4135 725 4196 solido
739 4135 776 4193 de
790 4154 937 4194 marmore
951 4133 1093 4212 tempium

239 4224 408 4304 Institucm,
424 4232 575 4308 festosque
590 4231 654 4289 dies
668 4229 704 4288 de
718 4231 836 4288 nomine
849 4229 966 4288 Phoebi.
1184 4230 1222 4287 '10
1257 4237 1263 4248 “

240 4321 286 4382 Te
301 4343 420 4401 qnoque
434 4345 545 4404 mogus
556 4332 676 4386 monent
690 4324 791 4403 regnis
805 4323 970 4402 penetratio
982 4322 1113 4384 uostris:
