3167 5234
400 560 459 617 8OE
686 556 713 603 P.
733 556 900 604 vinorum
918 556 1091 605 MABONIS

399 694 537 753 Fatalem
550 694 676 754 AEneau
690 697 848 755 manifesto
865 696 986 754 numine
1000 694 1073 754 ferri

399 786 548 847 Admonet
563 791 608 847 ira
622 790 720 861 deum,
736 790 901 866 tumulique
916 798 985 847 ante
998 808 1054 846 ora
1067 796 1216 849 recentes.

399 880 484 961 Ergo
498 883 657 942 concilium
671 902 822 961 magnum,
839 883 1010 959 primosque
1024 900 1146 940 suorum

399 973 529 1053 Imperio
543 977 669 1049 accitos,
685 978 746 1035 alta
761 977 840 1034 intra
852 976 954 1034 limina
967 975 1057 1053 cogit.
1330 978 1387 1035 935

398 1065 460 1127 Olli
474 1068 653 1141 convenere,
670 1070 825 1147 fluuntque
839 1070 878 1128 ad
891 1069 976 1146 regia
991 1068 1086 1145 plenis

399 1162 498 1221 Tecta
511 1163 576 1221 viis.
619 1164 709 1222 Sedet
723 1164 752 1222 in
767 1163 883 1234 mediis,
899 1170 930 1220 et
942 1162 1088 1220 maximus
1102 1182 1178 1235 aevo,

397 1254 439 1315 Et
454 1258 566 1335 primus
579 1258 716 1335 sceptris,
733 1256 813 1315 haud
827 1254 898 1315 leeth
911 1256 1019 1327 fronte,
1034 1254 1173 1315 Latinus.

397 1350 499 1427 Atque
513 1350 564 1409 hic
577 1351 693 1429 legatos
707 1349 816 1409 AEtols
829 1369 867 1407 ex
881 1351 955 1407 urbe
968 1349 1121 1421 remissos,

398 1440 477 1510 Qus
491 1444 634 1516 reserant,
650 1444 705 1503 sari
716 1444 813 1520 jubet,
829 1452 860 1500 et
873 1461 1018 1520 responsa
1031 1442 1162 1520 reposcit

397 1534 511 1595 Ordine
526 1546 636 1595 cuncta
650 1557 714 1596 suo.
756 1538 835 1595 Tum
849 1536 930 1595 sacta
943 1535 1063 1594 silentia
1076 1536 1196 1615 linguis,

396 1627 438 1688 Et
451 1628 599 1705 Venulus,
616 1631 694 1689 dioto
709 1650 828 1709 parens,
845 1631 887 1688 ita
901 1629 992 1689 ferier
1004 1629 1089 1687 infit:

436 1722 584 1796 Vidimus,
600 1745 619 1783 o
632 1725 724 1796 cives,
741 1723 888 1783 Diomede
902 1723 1076 1800 Argivaque
1091 1730 1215 1793 castra;

397 1814 509 1893 Atque,
523 1818 580 1875 iter
594 1819 716 1889 emensi,
733 1836 823 1875 casus
837 1816 1044 1893 superavimus
1057 1834 1161 1873 omnes
1175 1834 1183 1886 ;

397 1909 647 1990 contigimusque
661 1932 791 1985 manum,
810 1913 868 1989 qut
882 1911 1010 1969 concidit
1025 1911 1081 1969 Ilia
1095 1912 1193 1971 tellus.

397 2000 452 2063 Ille
467 2006 572 2063 urbenr
585 2006 777 2084 Argyripam,
794 2005 899 2082 patriae
913 2004 1090 2081 cognomine
1104 2004 1213 2081 gentis,

395 2096 502 2157 Victor
515 2098 653 2176 Gargani
667 2099 816 2157 condebat
831 2098 952 2176 Iapygis
966 2097 1056 2156 arvis.

395 2188 560 2268 Postquam
573 2192 760 2269 introgressi,
778 2201 808 2249 et
822 2192 925 2255 corum
938 2191 1011 2248 data
1023 2190 1111 2267 copia
1125 2190 1217 2261 fandi,

395 2282 525 2343 Munera
540 2284 735 2363 praeferimus,
752 2302 860 2343 nomen
874 2283 1060 2362 patriamque
1073 2283 1216 2341 docemus
1231 2303 1238 2350 ;

396 2376 459 2446 Qui
472 2379 582 2437 bellum
596 2378 758 2449 intulerint,
776 2396 843 2454 quar
858 2396 951 2436 causa
968 2376 1123 2435 attraxerit
1135 2377 1245 2454 Arpos.

394 2471 514 2530 Auditis
528 2472 577 2529 ille
591 2472 657 2530 haec
672 2470 789 2549 placido
802 2472 847 2530 sic
860 2470 987 2529 reddidit
1001 2486 1074 2528 ore:

395 2562 594 2623 Osortunatar
608 2577 724 2643 gentes,
741 2565 882 2623 Saturnia
894 2582 999 2642 regna,

394 2659 519 2736 Antiqui
531 2660 668 2731 Ausonii,
687 2680 752 2736 quas
768 2682 821 2720 vos
835 2660 954 2718 fortuna
969 2658 1088 2735 quietos

396 2752 551 2825 Sollicitat,
567 2753 733 2829 suadetque
748 2754 852 2832 ignota
863 2754 1017 2812 lacessere
1030 2752 1110 2811 bella
1122 2750 1134 2808 l

395 2844 587 2923 Quicumque
602 2846 713 2905 iliacos
728 2846 808 2905 ferro
821 2848 997 2905 violavimus
1010 2866 1112 2923 agros,

396 2937 498 3017 (Mitto
513 2958 560 3011 ea,
578 2958 645 3015 quae
660 2940 752 2997 muris
766 2940 905 2998 bellando
919 2940 1066 2997 exhausta
1079 2939 1135 2997 sub
1149 2939 1228 3011 altis,

395 3030 481 3100 Quos
496 3032 604 3090 Simois
618 3040 730 3109 premat
745 3033 793 3090 ille
808 3032 916 3110 viros,)
931 3033 1052 3091 infanda
1064 3051 1118 3109 per
1130 3033 1234 3090 orbem

395 3124 556 3203 Supplicia,
573 3134 602 3183 et
616 3126 764 3183 scelerum
779 3146 885 3203 poenas
902 3126 1096 3203 expendimus
1109 3142 1222 3196 omnes,

393 3216 452 3277 Vel
467 3218 587 3277 Priamo
600 3218 769 3276 miseranda
783 3238 897 3278 manus.
940 3220 1003 3277 Scit
1015 3218 1100 3277 triste
1116 3218 1264 3278 Minervas

394 3312 493 3383 Sidus,
511 3321 540 3370 et
554 3312 700 3371 Euboicis
715 3322 830 3383 cantes,
846 3312 984 3389 ultorque
999 3312 1187 3389 Caphereus.
1320 3312 1382 3369 260

392 3404 503 3465 Militis
516 3424 553 3463 ex
566 3403 619 3464 ills
633 3405 782 3463 diversum
796 3406 835 3464 ad
849 3406 930 3464 littus
944 3406 1054 3476 adacti,

392 3499 514 3559 Atrides
527 3498 629 3557 Protei
643 3498 804 3557 Menelais
817 3498 952 3577 adusque
966 3500 1121 3558 columnas

391 3590 518 3651 Exsulat
532 3611 540 3663 ;
565 3592 703 3650 AEtnaeos
717 3591 788 3650 vidit
806 3592 959 3669 Cyclopas
973 3592 1107 3669 Ulysses.

391 3686 502 3764 Regna
515 3686 704 3763 Neoptolemi
718 3685 858 3756 referam,
874 3704 1038 3762 versosque
1052 3685 1183 3744 Penates

391 3777 568 3838 Idomenei?
609 3778 764 3856 Libycone
779 3780 947 3838 habitantes
960 3780 1059 3838 littore
1072 3776 1214 3839 Locros?
1319 3776 1379 3833 265

391 3870 460 3950 Ipse
473 3874 649 3951 Mycenaeus
666 3866 840 3951 magnorum
854 3874 961 3931 ductor
974 3873 1123 3931 Achivum

392 3962 540 4044 Conjugis
554 3966 682 4026 infandae
698 3967 792 4043 prima
806 3967 885 4025 intra
897 3967 1000 4025 limina
1012 3964 1120 4025 dextrai

391 4056 523 4136 Oppetiit
536 4077 545 4129 ;
568 4059 716 4119 devictam
730 4060 835 4118 Asiam
848 4060 982 4118 subsedit
995 4059 1122 4118 adulter.

264 4152 271 4165 '
392 4148 539 4209 Invidisse
554 4150 636 4224 deos,
653 4154 756 4230 patriis
771 4160 802 4212 ut
815 4153 949 4211 redditus
963 4152 1023 4210 aris

392 4242 573 4322 Coniugium
589 4254 719 4323 optatum
733 4253 762 4304 et
778 4247 933 4323 pulchram
946 4245 1105 4323 Calydona
1119 4243 1254 4304 viderem
1268 4246 1276 4302 l
1316 4242 1379 4299 2⁷0

392 4337 423 4399 N
425 4356 482 4397 uno
497 4338 585 4397 etiam
599 4338 733 4398 horribili
746 4340 811 4397 visu
825 4348 964 4418 portenta
976 4348 1152 4416 sequuntur,
