<?xml version="1.0" encoding="UTF-8"?>
<!DOCTYPE html PUBLIC "-//W3C//DTD XHTML 1.0 Transitional//EN"
    "http://www.w3.org/TR/xhtml1/DTD/xhtml1-transitional.dtd">
<html xmlns="http://www.w3.org/1999/xhtml" xml:lang="en" lang="en">
 <head>
  <title>
</title>
<meta http-equiv="Content-Type" content="text/html;charset=utf-8" />
  <meta name='ocr-system' content='tesseract 3.04.00' />
  <meta name='ocr-capabilities' content='ocr_page ocr_carea ocr_par ocr_line ocrx_word'/>
</head>
<body>
  <div class='ocr_page' id='page_1' title='image "./pvirgiliimaroni01bowegoog/pvirgiliimaroni01bowegoog_0199.png"; bbox 0 0 3167 5234; ppageno 0'>
   <div class='ocr_carea' id='block_1_1' title="bbox 537 569 869 620">
    <p class='ocr_par' dir='ltr' id='par_1_1' title="bbox 537 569 869 620">
     <span class='ocr_line' id='line_1_1' title="bbox 537 569 869 620; baseline 0.009 -3"><span class='ocrx_word' id='word_1_1' title='bbox 537 569 716 619; x_wconf 73' lang='lat' dir='ltr'>AENEIDOS</span> <span class='ocrx_word' id='word_1_2' title='bbox 735 570 807 619; x_wconf 77' lang='lat' dir='ltr'><strong>nin.</strong></span> <span class='ocrx_word' id='word_1_3' title='bbox 822 570 869 620; x_wconf 81' lang='lat' dir='ltr'><strong>VI.</strong></span> 
     </span>
    </p>
   </div>
   <div class='ocr_carea' id='block_1_2' title="bbox 209 711 934 790">
    <p class='ocr_par' dir='ltr' id='par_1_2' title="bbox 209 711 934 790">
     <span class='ocr_line' id='line_1_2' title="bbox 209 711 934 790; baseline -0.001 -18"><span class='ocrx_word' id='word_1_4' title='bbox 209 714 279 773; x_wconf 84' lang='lat' dir='ltr'><strong>Non</strong></span> <span class='ocrx_word' id='word_1_5' title='bbox 293 713 386 771; x_wconf 88' lang='lat' dir='ltr'><strong>nilum</strong></span> <span class='ocrx_word' id='word_1_6' title='bbox 401 732 456 790; x_wconf 90' lang='lat' dir='ltr'><strong>pro</strong></span> <span class='ocrx_word' id='word_1_7' title='bbox 469 730 517 770; x_wconf 92' lang='lat' dir='ltr'><strong>me</strong></span> <span class='ocrx_word' id='word_1_8' title='bbox 529 720 646 769; x_wconf 84' lang='lat' dir='ltr'><strong>tanturn</strong></span> <span class='ocrx_word' id='word_1_9' title='bbox 656 712 774 790; x_wconf 85' lang='lat' dir='ltr'><strong>cepisse</strong></span> <span class='ocrx_word' id='word_1_10' title='bbox 786 711 934 784; x_wconf 85' lang='lat' dir='ltr'><strong>timorem,</strong></span> 
     </span>
    </p>
   </div>
   <div class='ocr_carea' id='block_1_3' title="bbox 209 808 1012 980">
    <p class='ocr_par' dir='ltr' id='par_1_3' title="bbox 209 808 1012 980">
     <span class='ocr_line' id='line_1_3' title="bbox 211 808 1012 888; baseline 0 -19"><span class='ocrx_word' id='word_1_11' title='bbox 211 809 312 878; x_wconf 63' lang='lat' dir='ltr'><strong>Quem</strong></span> <span class='ocrx_word' id='word_1_12' title='bbox 326 819 378 868; x_wconf 84' lang='lat' dir='ltr'><strong>tua</strong></span> <span class='ocrx_word' id='word_1_13' title='bbox 392 828 442 880; x_wconf 91' lang='lat' dir='ltr'><strong>ne,</strong></span> <span class='ocrx_word' id='word_1_14' title='bbox 458 809 585 886; x_wconf 81' lang='lat' dir='ltr'><strong>spoliata</strong></span> <span class='ocrx_word' id='word_1_15' title='bbox 598 809 699 879; x_wconf 87' lang='lat' dir='ltr'><strong>armis,</strong></span> <span class='ocrx_word' id='word_1_16' title='bbox 716 827 844 867; x_wconf 84' lang='lat' dir='ltr'><strong>excussa</strong></span> <span class='ocrx_word' id='word_1_17' title='bbox 859 808 1012 888; x_wconf 87' lang='lat' dir='ltr'><strong>magistro,</strong></span> 
     </span>
     <span class='ocr_line' id='line_1_4' title="bbox 209 902 1005 980; baseline -0.003 -18"><span class='ocrx_word' id='word_1_18' title='bbox 209 902 365 962; x_wconf 83' lang='lat' dir='ltr'><strong>Deficeret</strong></span> <span class='ocrx_word' id='word_1_19' title='bbox 379 902 470 960; x_wconf 83' lang='lat' dir='ltr'><strong>tantis</strong></span> <span class='ocrx_word' id='word_1_20' title='bbox 483 902 569 960; x_wconf 86' lang='lat' dir='ltr'><strong>navis</strong></span> <span class='ocrx_word' id='word_1_21' title='bbox 582 902 773 980; x_wconf 72' lang='lat' dir='ltr'><strong>surgentibus</strong></span> <span class='ocrx_word' id='word_1_22' title='bbox 787 902 894 975; x_wconf 71' lang='lat' dir='ltr'><strong>undis,</strong></span> <span class='ocrx_word' id='word_1_23' title='bbox 1004 926 1005 929; x_wconf 42' lang='lat'>¹</span> 
     </span>
    </p>
   </div>
   <div class='ocr_carea' id='block_1_4' title="bbox 209 994 1297 1077">
    <p class='ocr_par' dir='ltr' id='par_1_4' title="bbox 209 994 1297 1077">
     <span class='ocr_line' id='line_1_5' title="bbox 209 994 1297 1077; baseline 0.003 -23"><span class='ocrx_word' id='word_1_24' title='bbox 209 994 288 1055; x_wconf 82' lang='lat' dir='ltr'><strong>Tres</strong></span> <span class='ocrx_word' id='word_1_25' title='bbox 302 996 401 1055; x_wconf 91' lang='lat' dir='ltr'><strong>Notus</strong></span> <span class='ocrx_word' id='word_1_26' title='bbox 414 996 556 1055; x_wconf 87' lang='lat' dir='ltr'><strong>hibernas</strong></span> <span class='ocrx_word' id='word_1_27' title='bbox 570 996 714 1055; x_wconf 89' lang='lat' dir='ltr'><strong>immensa</strong></span> <span class='ocrx_word' id='word_1_28' title='bbox 728 1016 782 1073; x_wconf 89' lang='lat' dir='ltr'><strong>per</strong></span> <span class='ocrx_word' id='word_1_29' title='bbox 795 1014 918 1073; x_wconf 78' lang='lat' dir='ltr'><strong>aequora</strong></span> <span class='ocrx_word' id='word_1_30' title='bbox 932 1004 1038 1057; x_wconf 80' lang='lat' dir='ltr'><strong>nostes</strong></span> <span class='ocrx_word' id='word_1_31' title='bbox 1142 998 1201 1057; x_wconf 76' lang='lat'><strong>355</strong></span> <span class='ocrx_word' id='word_1_32' title='bbox 1294 1070 1297 1077; x_wconf 33' lang='grc' dir='ltr'>Ι</span> 
     </span>
    </p>
   </div>
   <div class='ocr_carea' id='block_1_5' title="bbox 206 1089 1202 4073">
    <p class='ocr_par' dir='ltr' id='par_1_5' title="bbox 209 1089 955 1167">
     <span class='ocr_line' id='line_1_6' title="bbox 209 1089 955 1167; baseline 0.001 -19"><span class='ocrx_word' id='word_1_33' title='bbox 209 1090 302 1149; x_wconf 87' lang='lat' dir='ltr'><strong>Vexit</strong></span> <span class='ocrx_word' id='word_1_34' title='bbox 315 1110 362 1149; x_wconf 90' lang='lat' dir='ltr'><strong>me</strong></span> <span class='ocrx_word' id='word_1_35' title='bbox 378 1091 524 1149; x_wconf 82' lang='lat' dir='ltr'><strong>violentus</strong></span> <span class='ocrx_word' id='word_1_36' title='bbox 538 1089 637 1167; x_wconf 75' lang='lat' dir='ltr'><strong>aqud:</strong></span> <span class='ocrx_word' id='word_1_37' title='bbox 660 1092 708 1149; x_wconf 83' lang='lat' dir='ltr'><strong>vix</strong></span> <span class='ocrx_word' id='word_1_38' title='bbox 722 1090 833 1149; x_wconf 86' lang='lat' dir='ltr'><strong>iumine</strong></span> <span class='ocrx_word' id='word_1_39' title='bbox 848 1099 955 1167; x_wconf 88' lang='lat' dir='ltr'><strong>quarto</strong></span> 
     </span>
    </p>

    <p class='ocr_par' dir='ltr' id='par_1_6' title="bbox 209 1183 936 1261">
     <span class='ocr_line' id='line_1_7' title="bbox 209 1183 936 1261; baseline 0.004 -20"><span class='ocrx_word' id='word_1_40' title='bbox 209 1184 357 1261; x_wconf 84' lang='lat' dir='ltr'><strong>Prosperi</strong></span> <span class='ocrx_word' id='word_1_41' title='bbox 371 1184 497 1254; x_wconf 87' lang='lat' dir='ltr'><strong>ltaliam,</strong></span> <span class='ocrx_word' id='word_1_42' title='bbox 513 1184 631 1243; x_wconf 66' lang='lat' dir='ltr'><strong>summa</strong></span> <span class='ocrx_word' id='word_1_43' title='bbox 643 1184 778 1243; x_wconf 85' lang='lat' dir='ltr'><strong>sublimis</strong></span> <span class='ocrx_word' id='word_1_44' title='bbox 793 1185 830 1243; x_wconf 86' lang='lat' dir='ltr'><strong>sb</strong></span> <span class='ocrx_word' id='word_1_45' title='bbox 846 1183 936 1245; x_wconf 70' lang='lat' dir='ltr'><strong>undis.</strong></span> 
     </span>
    </p>

    <p class='ocr_par' dir='ltr' id='par_1_7' title="bbox 210 1277 978 1354">
     <span class='ocr_line' id='line_1_8' title="bbox 210 1277 978 1354; baseline 0 -19"><span class='ocrx_word' id='word_1_46' title='bbox 210 1277 359 1335; x_wconf 76' lang='lat' dir='ltr'><strong>Paulatim</strong></span> <span class='ocrx_word' id='word_1_47' title='bbox 373 1277 520 1335; x_wconf 71' lang='lat' dir='ltr'><strong>adnabam</strong></span> <span class='ocrx_word' id='word_1_48' title='bbox 533 1286 642 1336; x_wconf 73' lang='lat' dir='ltr'><strong>terrm:</strong></span> <span class='ocrx_word' id='word_1_49' title='bbox 661 1278 724 1354; x_wconf 84' lang='lat' dir='ltr'><strong>jam</strong></span> <span class='ocrx_word' id='word_1_50' title='bbox 737 1286 804 1335; x_wconf 88' lang='lat' dir='ltr'><strong>tuta</strong></span> <span class='ocrx_word' id='word_1_51' title='bbox 816 1280 955 1336; x_wconf 77' lang='lat' dir='ltr'><strong>tenebam</strong></span> <span class='ocrx_word' id='word_1_52' title='bbox 970 1296 978 1348; x_wconf 90' lang='lat'>;</span> 
     </span>
    </p>

    <p class='ocr_par' dir='ltr' id='par_1_8' title="bbox 209 1370 1202 1636">
     <span class='ocr_line' id='line_1_9' title="bbox 211 1370 980 1449; baseline 0.003 -22"><span class='ocrx_word' id='word_1_53' title='bbox 211 1370 251 1428; x_wconf 92' lang='lat' dir='ltr'><strong>Ni</strong></span> <span class='ocrx_word' id='word_1_54' title='bbox 263 1389 340 1447; x_wconf 90' lang='lat' dir='ltr'><strong>gens</strong></span> <span class='ocrx_word' id='word_1_55' title='bbox 354 1370 484 1428; x_wconf 87' lang='lat' dir='ltr'><strong>erudelis</strong></span> <span class='ocrx_word' id='word_1_56' title='bbox 498 1370 618 1430; x_wconf 61' lang='lat' dir='ltr'><strong>madidis</strong></span> <span class='ocrx_word' id='word_1_57' title='bbox 632 1391 701 1430; x_wconf 87' lang='lat' dir='ltr'><strong>cum</strong></span> <span class='ocrx_word' id='word_1_58' title='bbox 714 1380 798 1430; x_wconf 84' lang='lat' dir='ltr'><strong>veste</strong></span> <span class='ocrx_word' id='word_1_59' title='bbox 812 1380 980 1449; x_wconf 80' lang='lat' dir='ltr'><strong>gravatum,</strong></span> 
     </span>
     <span class='ocr_line' id='line_1_10' title="bbox 209 1462 1202 1543; baseline 0.003 -21"><span class='ocrx_word' id='word_1_60' title='bbox 209 1462 468 1541; x_wconf 88' lang='lat' dir='ltr'><strong>Prensantemque</strong></span> <span class='ocrx_word' id='word_1_61' title='bbox 483 1465 569 1522; x_wconf 83' lang='lat' dir='ltr'><strong>uncis</strong></span> <span class='ocrx_word' id='word_1_62' title='bbox 583 1466 720 1523; x_wconf 88' lang='lat' dir='ltr'><strong>manibus</strong></span> <span class='ocrx_word' id='word_1_63' title='bbox 733 1466 833 1542; x_wconf 83' lang='lat' dir='ltr'><strong>cupita</strong></span> <span class='ocrx_word' id='word_1_64' title='bbox 848 1484 957 1543; x_wconf 87' lang='lat' dir='ltr'><strong>aspera</strong></span> <span class='ocrx_word' id='word_1_65' title='bbox 971 1466 1087 1538; x_wconf 81' lang='lat' dir='ltr'><strong>montis,</strong></span> <span class='ocrx_word' id='word_1_66' title='bbox 1141 1462 1202 1524; x_wconf 76' lang='grc'><strong>860</strong></span> 
     </span>
     <span class='ocr_line' id='line_1_11' title="bbox 211 1558 977 1636; baseline 0.004 -21"><span class='ocrx_word' id='word_1_67' title='bbox 211 1558 308 1615; x_wconf 90' lang='lat' dir='ltr'><strong>Ferro</strong></span> <span class='ocrx_word' id='word_1_68' title='bbox 321 1558 489 1629; x_wconf 82' lang='lat' dir='ltr'><strong>invasisset,</strong></span> <span class='ocrx_word' id='word_1_69' title='bbox 506 1559 697 1635; x_wconf 76' lang='lat' dir='ltr'><strong>praedamque</strong></span> <span class='ocrx_word' id='word_1_70' title='bbox 711 1560 819 1636; x_wconf 81' lang='lat' dir='ltr'><strong>ignaru</strong></span> <span class='ocrx_word' id='word_1_71' title='bbox 833 1558 977 1636; x_wconf 66' lang='lat' dir='ltr'><strong>putbsset.</strong></span> 
     </span>
    </p>

    <p class='ocr_par' dir='ltr' id='par_1_9' title="bbox 211 1649 1061 1728">
     <span class='ocr_line' id='line_1_12' title="bbox 211 1649 1061 1728; baseline 0.005 -21"><span class='ocrx_word' id='word_1_72' title='bbox 211 1649 241 1708; x_wconf 88' lang='lat' dir='ltr'>N</span> <span class='ocrx_word' id='word_1_73' title='bbox 243 1670 301 1707; x_wconf 84' lang='lat' dir='ltr'><strong>une</strong></span> <span class='ocrx_word' id='word_1_74' title='bbox 314 1669 362 1708; x_wconf 91' lang='lat' dir='ltr'><strong>me</strong></span> <span class='ocrx_word' id='word_1_75' title='bbox 377 1651 486 1709; x_wconf 83' lang='lat' dir='ltr'><strong>fluetus</strong></span> <span class='ocrx_word' id='word_1_76' title='bbox 499 1652 600 1723; x_wconf 88' lang='lat' dir='ltr'><strong>babet,</strong></span> <span class='ocrx_word' id='word_1_77' title='bbox 618 1662 799 1728; x_wconf 78' lang='lat' dir='ltr'><strong>versantque</strong></span> <span class='ocrx_word' id='word_1_78' title='bbox 814 1652 844 1709; x_wconf 89' lang='lat' dir='ltr'><strong>in</strong></span> <span class='ocrx_word' id='word_1_79' title='bbox 858 1651 956 1710; x_wconf 87' lang='lat' dir='ltr'><strong>littore</strong></span> <span class='ocrx_word' id='word_1_80' title='bbox 970 1652 1061 1711; x_wconf 77' lang='lat' dir='ltr'><strong>venti,</strong></span> 
     </span>
    </p>

    <p class='ocr_par' dir='ltr' id='par_1_10' title="bbox 212 1742 966 1821">
     <span class='ocr_line' id='line_1_13' title="bbox 212 1742 966 1821; baseline 0.003 -20"><span class='ocrx_word' id='word_1_81' title='bbox 212 1742 304 1810; x_wconf 79' lang='lat' dir='ltr'><strong>Qudd</strong></span> <span class='ocrx_word' id='word_1_82' title='bbox 315 1752 346 1801; x_wconf 84' lang='lat' dir='ltr'><strong>te</strong></span> <span class='ocrx_word' id='word_1_83' title='bbox 360 1764 415 1821; x_wconf 91' lang='lat' dir='ltr'><strong>per</strong></span> <span class='ocrx_word' id='word_1_84' title='bbox 428 1745 497 1803; x_wconf 85' lang='lat' dir='ltr'><strong>eoeii</strong></span> <span class='ocrx_word' id='word_1_85' title='bbox 514 1746 679 1821; x_wconf 88' lang='lat' dir='ltr'><strong>jucundum</strong></span> <span class='ocrx_word' id='word_1_86' title='bbox 692 1744 803 1816; x_wconf 88' lang='lat' dir='ltr'><strong>lumen,</strong></span> <span class='ocrx_word' id='word_1_87' title='bbox 820 1752 849 1801; x_wconf 85' lang='lat' dir='ltr'><strong>et</strong></span> <span class='ocrx_word' id='word_1_88' title='bbox 865 1763 966 1817; x_wconf 84' lang='lat' dir='ltr'><strong>auras,</strong></span> 
     </span>
    </p>

    <p class='ocr_par' dir='ltr' id='par_1_11' title="bbox 210 1836 940 1917">
     <span class='ocr_line' id='line_1_14' title="bbox 210 1836 940 1917; baseline -0.001 -21"><span class='ocrx_word' id='word_1_89' title='bbox 210 1836 271 1896; x_wconf 90' lang='lat' dir='ltr'><strong>Per</strong></span> <span class='ocrx_word' id='word_1_90' title='bbox 283 1838 461 1916; x_wconf 82' lang='lat' dir='ltr'>genitorem,</span> <span class='ocrx_word' id='word_1_91' title='bbox 477 1858 540 1909; x_wconf 92' lang='lat' dir='ltr'><strong>oro,</strong></span> <span class='ocrx_word' id='word_1_92' title='bbox 556 1858 608 1916; x_wconf 89' lang='lat' dir='ltr'><strong>per</strong></span> <span class='ocrx_word' id='word_1_93' title='bbox 621 1858 691 1916; x_wconf 89' lang='lat' dir='ltr'><strong>spes</strong></span> <span class='ocrx_word' id='word_1_94' title='bbox 705 1840 857 1917; x_wconf 85' lang='lat' dir='ltr'><strong>surgentis</strong></span> <span class='ocrx_word' id='word_1_95' title='bbox 873 1837 940 1910; x_wconf 86' lang='lat' dir='ltr'><strong>iuli,</strong></span> 
     </span>
    </p>

    <p class='ocr_par' dir='ltr' id='par_1_12' title="bbox 210 1928 1201 2104">
     <span class='ocr_line' id='line_1_15' title="bbox 210 1928 1201 2009; baseline 0.003 -20"><span class='ocrx_word' id='word_1_96' title='bbox 210 1928 303 2009; x_wconf 72' lang='lat' dir='ltr'><strong>Eripe</strong></span> <span class='ocrx_word' id='word_1_97' title='bbox 318 1950 365 1989; x_wconf 90' lang='lat' dir='ltr'><strong>me</strong></span> <span class='ocrx_word' id='word_1_98' title='bbox 378 1932 435 2003; x_wconf 90' lang='lat' dir='ltr'><strong>bis,</strong></span> <span class='ocrx_word' id='word_1_99' title='bbox 452 1932 572 2004; x_wconf 85' lang='lat' dir='ltr'><strong>invicte,</strong></span> <span class='ocrx_word' id='word_1_100' title='bbox 589 1933 696 1990; x_wconf 84' lang='lat' dir='ltr'><strong>malis:</strong></span> <span class='ocrx_word' id='word_1_101' title='bbox 719 1942 771 1990; x_wconf 89' lang='lat' dir='ltr'><strong>aut</strong></span> <span class='ocrx_word' id='word_1_102' title='bbox 782 1941 816 1990; x_wconf 90' lang='lat' dir='ltr'><strong>tu</strong></span> <span class='ocrx_word' id='word_1_103' title='bbox 831 1932 902 1990; x_wconf 90' lang='lat' dir='ltr'><strong>mihi</strong></span> <span class='ocrx_word' id='word_1_104' title='bbox 915 1938 1026 1991; x_wconf 86' lang='lat' dir='ltr'><strong>terram</strong></span> <span class='ocrx_word' id='word_1_105' title='bbox 1141 1932 1201 1992; x_wconf 79' lang='grc'><strong>385</strong></span> 
     </span>
     <span class='ocr_line' id='line_1_16' title="bbox 211 2023 1046 2104; baseline 0.001 -22"><span class='ocrx_word' id='word_1_106' title='bbox 211 2023 317 2101; x_wconf 86' lang='lat' dir='ltr'><strong>injice,</strong></span> <span class='ocrx_word' id='word_1_107' title='bbox 333 2044 462 2102; x_wconf 85' lang='lat' dir='ltr'><strong>namque</strong></span> <span class='ocrx_word' id='word_1_108' title='bbox 476 2034 571 2102; x_wconf 89' lang='lat' dir='ltr'><strong>potes,</strong></span> <span class='ocrx_word' id='word_1_109' title='bbox 588 2035 751 2104; x_wconf 88' lang='lat' dir='ltr'><strong>portusque</strong></span> <span class='ocrx_word' id='word_1_110' title='bbox 764 2026 885 2101; x_wconf 89' lang='lat' dir='ltr'><strong>require</strong></span> <span class='ocrx_word' id='word_1_111' title='bbox 900 2024 1046 2085; x_wconf 85' lang='lat' dir='ltr'><strong>Velinus:</strong></span> 
     </span>
    </p>

    <p class='ocr_par' dir='ltr' id='par_1_13' title="bbox 211 2118 1022 2197">
     <span class='ocr_line' id='line_1_17' title="bbox 211 2118 1022 2197; baseline 0.001 -21"><span class='ocrx_word' id='word_1_112' title='bbox 211 2120 272 2176; x_wconf 80' lang='lat' dir='ltr'><strong>Aut</strong></span> <span class='ocrx_word' id='word_1_113' title='bbox 285 2128 328 2190; x_wconf 84' lang='lat' dir='ltr'><strong>tu,</strong></span> <span class='ocrx_word' id='word_1_114' title='bbox 344 2120 370 2177; x_wconf 90' lang='lat' dir='ltr'><strong>si</strong></span> <span class='ocrx_word' id='word_1_115' title='bbox 385 2138 445 2195; x_wconf 86' lang='lat' dir='ltr'><strong>qua</strong></span> <span class='ocrx_word' id='word_1_116' title='bbox 459 2120 507 2178; x_wconf 85' lang='lat' dir='ltr'><strong>ria</strong></span> <span class='ocrx_word' id='word_1_117' title='bbox 522 2129 578 2192; x_wconf 86' lang='lat' dir='ltr'><strong>est,</strong></span> <span class='ocrx_word' id='word_1_118' title='bbox 594 2122 620 2177; x_wconf 87' lang='lat' dir='ltr'><strong>si</strong></span> <span class='ocrx_word' id='word_1_119' title='bbox 636 2138 725 2197; x_wconf 81' lang='lat' dir='ltr'><strong>quum</strong></span> <span class='ocrx_word' id='word_1_120' title='bbox 740 2118 794 2177; x_wconf 90' lang='lat' dir='ltr'><strong>tibi</strong></span> <span class='ocrx_word' id='word_1_121' title='bbox 808 2119 875 2178; x_wconf 78' lang='lat' dir='ltr'><strong>diva</strong></span> <span class='ocrx_word' id='word_1_122' title='bbox 892 2120 1022 2177; x_wconf 84' lang='lat' dir='ltr'><strong>creatrix</strong></span> 
     </span>
    </p>

    <p class='ocr_par' dir='ltr' id='par_1_14' title="bbox 213 2209 1029 2290">
     <span class='ocr_line' id='line_1_18' title="bbox 213 2209 1029 2290; baseline 0.002 -21"><span class='ocrx_word' id='word_1_123' title='bbox 213 2209 357 2270; x_wconf 80' lang='lat' dir='ltr'><strong>Ostendit·</strong></span> <span class='ocrx_word' id='word_1_124' title='bbox 366 2212 478 2290; x_wconf 88' lang='lat' dir='ltr'><strong>(neque</strong></span> <span class='ocrx_word' id='word_1_125' title='bbox 493 2214 586 2284; x_wconf 53' lang='lat' dir='ltr'><strong>enim,«</strong></span> <span class='ocrx_word' id='word_1_126' title='bbox 598 2214 699 2284; x_wconf 86' lang='lat' dir='ltr'><strong>eredo,</strong></span> <span class='ocrx_word' id='word_1_127' title='bbox 716 2214 780 2271; x_wconf 88' lang='lat' dir='ltr'><strong>sine</strong></span> <span class='ocrx_word' id='word_1_128' title='bbox 794 2213 915 2271; x_wconf 91' lang='lat' dir='ltr'><strong>numine</strong></span> <span class='ocrx_word' id='word_1_129' title='bbox 929 2210 1029 2271; x_wconf 81' lang='lat' dir='ltr'><strong>divirm</strong></span> 
     </span>
    </p>

    <p class='ocr_par' dir='ltr' id='par_1_15' title="bbox 211 2304 1058 2385">
     <span class='ocr_line' id='line_1_19' title="bbox 211 2304 1058 2385; baseline 0.004 -22"><span class='ocrx_word' id='word_1_130' title='bbox 211 2304 349 2363; x_wconf 85' lang='lat' dir='ltr'><strong>Flumina</strong></span> <span class='ocrx_word' id='word_1_131' title='bbox 362 2314 446 2364; x_wconf 80' lang='lat' dir='ltr'><strong>tants</strong></span> <span class='ocrx_word' id='word_1_132' title='bbox 460 2326 549 2383; x_wconf 88' lang='lat' dir='ltr'><strong>paras</strong></span> <span class='ocrx_word' id='word_1_133' title='bbox 563 2308 757 2385; x_wconf 86' lang='lat' dir='ltr'><strong>Stygiamque</strong></span> <span class='ocrx_word' id='word_1_134' title='bbox 773 2307 877 2365; x_wconf 78' lang='lat' dir='ltr'><strong>innare</strong></span> <span class='ocrx_word' id='word_1_135' title='bbox 892 2306 1058 2385; x_wconf 83' lang='lat' dir='ltr'><strong>paludem),</strong></span> 
     </span>
    </p>

    <p class='ocr_par' dir='ltr' id='par_1_16' title="bbox 210 2398 1200 2572">
     <span class='ocr_line' id='line_1_20' title="bbox 210 2398 1200 2476; baseline 0.003 -20"><span class='ocrx_word' id='word_1_136' title='bbox 210 2398 259 2457; x_wconf 85' lang='lat' dir='ltr'><strong>Da</strong></span> <span class='ocrx_word' id='word_1_137' title='bbox 273 2400 407 2458; x_wconf 83' lang='lat' dir='ltr'><strong>dextram</strong></span> <span class='ocrx_word' id='word_1_138' title='bbox 421 2402 540 2472; x_wconf 90' lang='lat' dir='ltr'><strong>misero,</strong></span> <span class='ocrx_word' id='word_1_139' title='bbox 556 2409 587 2458; x_wconf 94' lang='lat' dir='ltr'><strong>et</strong></span> <span class='ocrx_word' id='word_1_140' title='bbox 600 2410 701 2459; x_wconf 85' lang='lat' dir='ltr'><strong>tecum</strong></span> <span class='ocrx_word' id='word_1_141' title='bbox 714 2420 762 2458; x_wconf 92' lang='lat' dir='ltr'><strong>me</strong></span> <span class='ocrx_word' id='word_1_142' title='bbox 775 2400 848 2459; x_wconf 88' lang='lat' dir='ltr'><strong>tolie</strong></span> <span class='ocrx_word' id='word_1_143' title='bbox 862 2418 916 2476; x_wconf 88' lang='lat' dir='ltr'><strong>per</strong></span> <span class='ocrx_word' id='word_1_144' title='bbox 929 2399 1036 2474; x_wconf 86' lang='lat' dir='ltr'><strong>undas,</strong></span> <span class='ocrx_word' id='word_1_145' title='bbox 1140 2402 1200 2459; x_wconf 78' lang='grc' dir='ltr'><strong>3Ἷο</strong></span> 
     </span>
     <span class='ocr_line' id='line_1_21' title="bbox 211 2492 969 2572; baseline 0.003 -21"><span class='ocrx_word' id='word_1_146' title='bbox 211 2492 338 2551; x_wconf 78' lang='lat' dir='ltr'><strong>Sedibus</strong></span> <span class='ocrx_word' id='word_1_147' title='bbox 352 2500 383 2552; x_wconf 92' lang='lat' dir='ltr'><strong>ut</strong></span> <span class='ocrx_word' id='word_1_148' title='bbox 395 2496 501 2552; x_wconf 86' lang='lat' dir='ltr'><strong>saltem</strong></span> <span class='ocrx_word' id='word_1_149' title='bbox 515 2495 641 2572; x_wconf 85' lang='lat' dir='ltr'><strong>placidis</strong></span> <span class='ocrx_word' id='word_1_150' title='bbox 655 2495 686 2551; x_wconf 93' lang='lat' dir='ltr'><strong>in</strong></span> <span class='ocrx_word' id='word_1_151' title='bbox 699 2500 794 2551; x_wconf 89' lang='lat' dir='ltr'><strong>morte</strong></span> <span class='ocrx_word' id='word_1_152' title='bbox 807 2493 969 2569; x_wconf 84' lang='lat' dir='ltr'><strong>quiescam.</strong></span> 
     </span>
    </p>

    <p class='ocr_par' dir='ltr' id='par_1_17' title="bbox 210 2588 959 2759">
     <span class='ocr_line' id='line_1_22' title="bbox 248 2588 938 2668; baseline -0.001 -21"><span class='ocrx_word' id='word_1_153' title='bbox 248 2588 337 2647; x_wconf 83' lang='lat' dir='ltr'><strong>Talia</strong></span> <span class='ocrx_word' id='word_1_154' title='bbox 351 2590 429 2648; x_wconf 86' lang='lat' dir='ltr'><strong>fatus</strong></span> <span class='ocrx_word' id='word_1_155' title='bbox 442 2600 518 2662; x_wconf 86' lang='lat' dir='ltr'><strong>erat,</strong></span> <span class='ocrx_word' id='word_1_156' title='bbox 534 2591 625 2668; x_wconf 78' lang='lat' dir='ltr'><strong>erepit</strong></span> <span class='ocrx_word' id='word_1_157' title='bbox 640 2608 731 2667; x_wconf 91' lang='lat' dir='ltr'><strong>quum</strong></span> <span class='ocrx_word' id='word_1_158' title='bbox 745 2589 817 2647; x_wconf 84' lang='lat' dir='ltr'><strong>tuiis</strong></span> <span class='ocrx_word' id='word_1_159' title='bbox 830 2597 915 2647; x_wconf 85' lang='lat' dir='ltr'><strong>vates</strong></span> <span class='ocrx_word' id='word_1_160' title='bbox 930 2608 938 2645; x_wconf 74' lang='grc' dir='ltr'><strong>ι</strong></span> 
     </span>
     <span class='ocr_line' id='line_1_23' title="bbox 210 2680 959 2759; baseline -0.003 -19"><span class='ocrx_word' id='word_1_161' title='bbox 210 2680 296 2741; x_wconf 89' lang='lat' dir='ltr'><strong>Unde</strong></span> <span class='ocrx_word' id='word_1_162' title='bbox 310 2684 386 2754; x_wconf 75' lang='lat' dir='ltr'><strong>hare,</strong></span> <span class='ocrx_word' id='word_1_163' title='bbox 401 2705 420 2741; x_wconf 94' lang='grc' dir='ltr'>ο</span> <span class='ocrx_word' id='word_1_164' title='bbox 433 2684 587 2755; x_wconf 87' lang='lat' dir='ltr'><strong>Palinure,</strong></span> <span class='ocrx_word' id='word_1_165' title='bbox 601 2684 655 2741; x_wconf 88' lang='lat' dir='ltr'><strong>tibi</strong></span> <span class='ocrx_word' id='word_1_166' title='bbox 668 2692 731 2741; x_wconf 86' lang='lat' dir='ltr'><strong>tam</strong></span> <span class='ocrx_word' id='word_1_167' title='bbox 744 2683 809 2741; x_wconf 88' lang='lat' dir='ltr'><strong>dira</strong></span> <span class='ocrx_word' id='word_1_168' title='bbox 823 2682 931 2759; x_wconf 89' lang='lat' dir='ltr'><strong>cupido</strong></span> <span class='ocrx_word' id='word_1_169' title='bbox 947 2682 959 2737; x_wconf 87' lang='lat'>?</span> 
     </span>
    </p>

    <p class='ocr_par' dir='ltr' id='par_1_18' title="bbox 209 2776 1196 3043">
     <span class='ocr_line' id='line_1_24' title="bbox 210 2776 1028 2855; baseline -0.001 -21"><span class='ocrx_word' id='word_1_170' title='bbox 210 2776 256 2834; x_wconf 88' lang='lat' dir='ltr'><strong>Tu</strong></span> <span class='ocrx_word' id='word_1_171' title='bbox 272 2778 392 2855; x_wconf 85' lang='lat' dir='ltr'><strong>Stygias</strong></span> <span class='ocrx_word' id='word_1_172' title='bbox 406 2778 575 2836; x_wconf 88' lang='lat' dir='ltr'><strong>inhumatus</strong></span> <span class='ocrx_word' id='word_1_173' title='bbox 588 2796 684 2854; x_wconf 87' lang='lat' dir='ltr'><strong>aquas</strong></span> <span class='ocrx_word' id='word_1_174' title='bbox 697 2794 874 2853; x_wconf 88' lang='lat' dir='ltr'><strong>amnemque</strong></span> <span class='ocrx_word' id='word_1_175' title='bbox 888 2792 1028 2835; x_wconf 84' lang='lat' dir='ltr'><strong>severum</strong></span> 
     </span>
     <span class='ocr_line' id='line_1_25' title="bbox 209 2868 1196 2949; baseline 0.003 -23"><span class='ocrx_word' id='word_1_176' title='bbox 209 2868 407 2929; x_wconf 83' lang='lat' dir='ltr'><strong>Eumenidum</strong></span> <span class='ocrx_word' id='word_1_177' title='bbox 421 2871 580 2949; x_wconf 80' lang='lat' dir='ltr'><strong>adspicies,</strong></span> <span class='ocrx_word' id='word_1_178' title='bbox 597 2871 728 2948; x_wconf 75' lang='lat' dir='ltr'><strong>ripamve</strong></span> <span class='ocrx_word' id='word_1_179' title='bbox 742 2871 874 2946; x_wconf 80' lang='lat' dir='ltr'><strong>injussus</strong></span> <span class='ocrx_word' id='word_1_180' title='bbox 888 2869 983 2929; x_wconf 85' lang='lat' dir='ltr'><strong>adibis</strong></span> <span class='ocrx_word' id='word_1_181' title='bbox 998 2869 1008 2927; x_wconf 80' lang='lat' dir='ltr'><strong>i</strong></span> <span class='ocrx_word' id='word_1_182' title='bbox 1136 2872 1196 2929; x_wconf 76' lang='lat' dir='ltr'><strong>nte</strong></span> 
     </span>
     <span class='ocr_line' id='line_1_26' title="bbox 209 2962 905 3043; baseline 0.004 -22"><span class='ocrx_word' id='word_1_183' title='bbox 209 2962 323 3021; x_wconf 83' lang='lat' dir='ltr'><strong>Desine</strong></span> <span class='ocrx_word' id='word_1_184' title='bbox 338 2965 398 3023; x_wconf 82' lang='lat' dir='ltr'><strong>suta</strong></span> <span class='ocrx_word' id='word_1_185' title='bbox 411 2963 498 3023; x_wconf 79' lang='lat' dir='ltr'><strong>deirm</strong></span> <span class='ocrx_word' id='word_1_186' title='bbox 514 2966 594 3024; x_wconf 87' lang='lat' dir='ltr'><strong>flecti</strong></span> <span class='ocrx_word' id='word_1_187' title='bbox 607 2985 731 3043; x_wconf 88' lang='lat' dir='ltr'><strong>sperare</strong></span> <span class='ocrx_word' id='word_1_188' title='bbox 745 2965 905 3042; x_wconf 83' lang='lat' dir='ltr'><strong>precando.</strong></span> 
     </span>
    </p>

    <p class='ocr_par' dir='ltr' id='par_1_19' title="bbox 211 3056 917 3135">
     <span class='ocr_line' id='line_1_27' title="bbox 211 3056 917 3135; baseline 0.001 -21"><span class='ocrx_word' id='word_1_189' title='bbox 211 3057 268 3115; x_wconf 87' lang='lat' dir='ltr'><strong>Sed</strong></span> <span class='ocrx_word' id='word_1_190' title='bbox 282 3078 358 3135; x_wconf 86' lang='lat' dir='ltr'><strong>cape</strong></span> <span class='ocrx_word' id='word_1_191' title='bbox 372 3059 450 3117; x_wconf 88' lang='lat' dir='ltr'><strong>dicta</strong></span> <span class='ocrx_word' id='word_1_192' title='bbox 465 3078 587 3130; x_wconf 88' lang='lat' dir='ltr'><strong>mernor,</strong></span> <span class='ocrx_word' id='word_1_193' title='bbox 606 3060 671 3117; x_wconf 91' lang='lat' dir='ltr'><strong>duri</strong></span> <span class='ocrx_word' id='word_1_194' title='bbox 684 3060 792 3117; x_wconf 81' lang='lat' dir='ltr'><strong>solatia</strong></span> <span class='ocrx_word' id='word_1_195' title='bbox 806 3056 896 3116; x_wconf 76' lang='lat' dir='ltr'><strong>castis</strong></span> <span class='ocrx_word' id='word_1_196' title='bbox 910 3077 917 3115; x_wconf 77' lang='grc' dir='ltr'><strong>ι</strong></span> 
     </span>
    </p>

    <p class='ocr_par' dir='ltr' id='par_1_20' title="bbox 209 3152 900 3233">
     <span class='ocr_line' id='line_1_28' title="bbox 209 3152 900 3233; baseline 0.006 -23"><span class='ocrx_word' id='word_1_197' title='bbox 209 3152 237 3211; x_wconf 89' lang='lat' dir='ltr'>N</span> <span class='ocrx_word' id='word_1_198' title='bbox 240 3173 287 3211; x_wconf 86' lang='lat' dir='ltr'><strong>arn</strong></span> <span class='ocrx_word' id='word_1_199' title='bbox 299 3163 352 3213; x_wconf 84' lang='lat' dir='ltr'><strong>tua</strong></span> <span class='ocrx_word' id='word_1_200' title='bbox 365 3154 489 3226; x_wconf 87' lang='lat' dir='ltr'><strong>finitimi,</strong></span> <span class='ocrx_word' id='word_1_201' title='bbox 505 3155 594 3233; x_wconf 68' lang='lat' dir='ltr'><strong>longi!</strong></span> <span class='ocrx_word' id='word_1_202' title='bbox 607 3155 729 3231; x_wconf 73' lang='lat' dir='ltr'><strong>lateque</strong></span> <span class='ocrx_word' id='word_1_203' title='bbox 742 3174 796 3233; x_wconf 85' lang='lat' dir='ltr'><strong>per</strong></span> <span class='ocrx_word' id='word_1_204' title='bbox 809 3154 900 3214; x_wconf 84' lang='lat' dir='ltr'><strong>urbes</strong></span> 
     </span>
    </p>

    <p class='ocr_par' dir='ltr' id='par_1_21' title="bbox 208 3245 876 3327">
     <span class='ocr_line' id='line_1_29' title="bbox 208 3245 876 3327; baseline 0.004 -24"><span class='ocrx_word' id='word_1_205' title='bbox 208 3245 356 3325; x_wconf 86' lang='lat' dir='ltr'><strong>Prodigiis</strong></span> <span class='ocrx_word' id='word_1_206' title='bbox 370 3249 430 3306; x_wconf 82' lang='lat' dir='ltr'><strong>acti</strong></span> <span class='ocrx_word' id='word_1_207' title='bbox 445 3250 628 3320; x_wconf 71' lang='lat' dir='ltr'><strong>coelestibus,</strong></span> <span class='ocrx_word' id='word_1_208' title='bbox 645 3268 715 3307; x_wconf 86' lang='lat' dir='ltr'><strong>ossa</strong></span> <span class='ocrx_word' id='word_1_209' title='bbox 731 3250 853 3327; x_wconf 91' lang='lat' dir='ltr'><strong>piabunt</strong></span> <span class='ocrx_word' id='word_1_210' title='bbox 868 3268 876 3319; x_wconf 79' lang='lat'><em>3</em></span> 
     </span>
    </p>

    <p class='ocr_par' dir='ltr' id='par_1_22' title="bbox 207 3338 1196 3510">
     <span class='ocr_line' id='line_1_30' title="bbox 207 3338 1196 3413; baseline 0.006 -16"><span class='ocrx_word' id='word_1_211' title='bbox 207 3338 245 3397; x_wconf 78' lang='lat' dir='ltr'><strong>Et</strong></span> <span class='ocrx_word' id='word_1_212' title='bbox 260 3349 392 3399; x_wconf 87' lang='lat' dir='ltr'><strong>statuent</strong></span> <span class='ocrx_word' id='word_1_213' title='bbox 405 3342 559 3413; x_wconf 91' lang='lat' dir='ltr'><strong>tumulum,</strong></span> <span class='ocrx_word' id='word_1_214' title='bbox 576 3351 607 3400; x_wconf 90' lang='lat' dir='ltr'><strong>et</strong></span> <span class='ocrx_word' id='word_1_215' title='bbox 622 3344 736 3400; x_wconf 86' lang='lat' dir='ltr'><strong>tumulo</strong></span> <span class='ocrx_word' id='word_1_216' title='bbox 750 3344 895 3401; x_wconf 84' lang='lat' dir='ltr'><strong>solemnia</strong></span> <span class='ocrx_word' id='word_1_217' title='bbox 909 3342 1046 3413; x_wconf 81' lang='lat' dir='ltr'><strong>mittent3</strong></span> <span class='ocrx_word' id='word_1_218' title='bbox 1135 3345 1196 3403; x_wconf 78' lang='grc'><strong>380</strong></span> 
     </span>
     <span class='ocr_line' id='line_1_31' title="bbox 208 3432 942 3510; baseline 0.008 -20"><span class='ocrx_word' id='word_1_219' title='bbox 208 3432 429 3510; x_wconf 84' lang='lat' dir='ltr'><strong>AEternumque</strong></span> <span class='ocrx_word' id='word_1_220' title='bbox 444 3435 528 3493; x_wconf 85' lang='lat' dir='ltr'><strong>loeus</strong></span> <span class='ocrx_word' id='word_1_221' title='bbox 541 3435 677 3493; x_wconf 85' lang='lat' dir='ltr'><strong>Palinuri</strong></span> <span class='ocrx_word' id='word_1_222' title='bbox 690 3456 798 3494; x_wconf 89' lang='lat' dir='ltr'><strong>nomeu</strong></span> <span class='ocrx_word' id='word_1_223' title='bbox 812 3436 942 3496; x_wconf 87' lang='lat' dir='ltr'><strong>habebit.</strong></span> 
     </span>
    </p>

    <p class='ocr_par' dir='ltr' id='par_1_23' title="bbox 208 3525 947 3607">
     <span class='ocr_line' id='line_1_32' title="bbox 208 3525 947 3607; baseline 0.004 -23"><span class='ocrx_word' id='word_1_224' title='bbox 208 3525 268 3584; x_wconf 89' lang='lat' dir='ltr'><strong>His</strong></span> <span class='ocrx_word' id='word_1_225' title='bbox 282 3527 368 3585; x_wconf 85' lang='lat' dir='ltr'><strong>dietis</strong></span> <span class='ocrx_word' id='word_1_226' title='bbox 382 3548 463 3586; x_wconf 84' lang='lat' dir='ltr'><strong>curre</strong></span> <span class='ocrx_word' id='word_1_227' title='bbox 477 3537 594 3601; x_wconf 77' lang='lat' dir='ltr'><strong>emotae,</strong></span> <span class='ocrx_word' id='word_1_228' title='bbox 610 3530 772 3607; x_wconf 85' lang='lat' dir='ltr'><strong>pulsusque</strong></span> <span class='ocrx_word' id='word_1_229' title='bbox 788 3548 947 3607; x_wconf 79' lang='lat' dir='ltr'><strong>parumper</strong></span> 
     </span>
    </p>

    <p class='ocr_par' dir='ltr' id='par_1_24' title="bbox 208 3618 955 3702">
     <span class='ocr_line' id='line_1_33' title="bbox 208 3618 955 3702; baseline 0.005 -25"><span class='ocrx_word' id='word_1_230' title='bbox 208 3618 310 3679; x_wconf 86' lang='lat' dir='ltr'><strong>Corde</strong></span> <span class='ocrx_word' id='word_1_231' title='bbox 324 3621 408 3679; x_wconf 90' lang='lat' dir='ltr'><strong>dolor</strong></span> <span class='ocrx_word' id='word_1_232' title='bbox 419 3622 497 3680; x_wconf 87' lang='lat' dir='ltr'><strong>tristi</strong></span> <span class='ocrx_word' id='word_1_233' title='bbox 510 3641 518 3691; x_wconf 83' lang='lat'>3</span> <span class='ocrx_word' id='word_1_234' title='bbox 543 3623 653 3701; x_wconf 84' lang='lat' dir='ltr'><strong>gaudet</strong></span> <span class='ocrx_word' id='word_1_235' title='bbox 667 3624 844 3702; x_wconf 79' lang='lat' dir='ltr'><strong>cognomine</strong></span> <span class='ocrx_word' id='word_1_236' title='bbox 864 3621 955 3681; x_wconf 68' lang='lat' dir='ltr'><strong>terri.</strong></span> 
     </span>
    </p>

    <p class='ocr_par' dir='ltr' id='par_1_25' title="bbox 206 3714 1194 3982">
     <span class='ocr_line' id='line_1_34' title="bbox 244 3714 1122 3795; baseline 0.007 -24"><span class='ocrx_word' id='word_1_237' title='bbox 244 3714 329 3792; x_wconf 82' lang='lat' dir='ltr'><strong>Ergo</strong></span> <span class='ocrx_word' id='word_1_238' title='bbox 342 3716 400 3784; x_wconf 83' lang='lat' dir='ltr'><strong>iter</strong></span> <span class='ocrx_word' id='word_1_239' title='bbox 412 3716 564 3793; x_wconf 85' lang='lat' dir='ltr'><strong>inceptum</strong></span> <span class='ocrx_word' id='word_1_240' title='bbox 577 3726 734 3795; x_wconf 89' lang='lat' dir='ltr'><strong>peragunt,</strong></span> <span class='ocrx_word' id='word_1_241' title='bbox 750 3718 900 3792; x_wconf 87' lang='lat' dir='ltr'><strong>fluvioque</strong></span> <span class='ocrx_word' id='word_1_242' title='bbox 916 3716 1122 3793; x_wconf 82' lang='lat' dir='ltr'><strong>propinquant.</strong></span> 
     </span>
     <span class='ocr_line' id='line_1_35' title="bbox 206 3806 1194 3887; baseline 0.006 -22"><span class='ocrx_word' id='word_1_243' title='bbox 206 3806 318 3865; x_wconf 85' lang='lat' dir='ltr'><strong>Navita</strong></span> <span class='ocrx_word' id='word_1_244' title='bbox 332 3828 407 3883; x_wconf 93' lang='lat' dir='ltr'><strong>quos</strong></span> <span class='ocrx_word' id='word_1_245' title='bbox 422 3808 485 3885; x_wconf 82' lang='lat' dir='ltr'><strong>jam</strong></span> <span class='ocrx_word' id='word_1_246' title='bbox 499 3810 567 3869; x_wconf 89' lang='lat' dir='ltr'><strong>inde</strong></span> <span class='ocrx_word' id='word_1_247' title='bbox 583 3819 614 3869; x_wconf 90' lang='lat' dir='ltr'><strong>ut</strong></span> <span class='ocrx_word' id='word_1_248' title='bbox 629 3810 735 3887; x_wconf 58' lang='lat' dir='ltr'><strong>Stygia</strong></span> <span class='ocrx_word' id='word_1_249' title='bbox 750 3811 900 3887; x_wconf 83' lang='lat' dir='ltr'><strong>prospexit</strong></span> <span class='ocrx_word' id='word_1_250' title='bbox 915 3811 953 3868; x_wconf 83' lang='lat' dir='ltr'><strong>ab</strong></span> <span class='ocrx_word' id='word_1_251' title='bbox 968 3808 1049 3869; x_wconf 75' lang='lat' dir='ltr'><strong>undd</strong></span> <span class='ocrx_word' id='word_1_252' title='bbox 1135 3812 1194 3871; x_wconf 74' lang='lat'><strong>³85</strong></span> 
     </span>
     <span class='ocr_line' id='line_1_36' title="bbox 206 3898 1040 3982; baseline 0.008 -26"><span class='ocrx_word' id='word_1_253' title='bbox 206 3898 266 3957; x_wconf 88' lang='lat' dir='ltr'><strong>Per</strong></span> <span class='ocrx_word' id='word_1_254' title='bbox 277 3902 402 3959; x_wconf 84' lang='lat' dir='ltr'><strong>tacitum</strong></span> <span class='ocrx_word' id='word_1_255' title='bbox 415 3921 520 3961; x_wconf 90' lang='lat' dir='ltr'><strong>nemus</strong></span> <span class='ocrx_word' id='word_1_256' title='bbox 534 3904 589 3973; x_wconf 91' lang='lat' dir='ltr'><strong>ire,</strong></span> <span class='ocrx_word' id='word_1_257' title='bbox 605 3904 771 3979; x_wconf 91' lang='lat' dir='ltr'><strong>pedemque</strong></span> <span class='ocrx_word' id='word_1_258' title='bbox 786 3903 942 3961; x_wconf 84' lang='lat' dir='ltr'><strong>advertere</strong></span> <span class='ocrx_word' id='word_1_259' title='bbox 956 3904 1040 3982; x_wconf 77' lang='lat' dir='ltr'><strong>ripoe,</strong></span> 
     </span>
    </p>

    <p class='ocr_par' dir='ltr' id='par_1_26' title="bbox 153 3992 1020 4079">
     <span class='ocr_line' id='line_1_37' title="bbox 207 3992 1020 4073; baseline 0.005 -21.751"><span class='ocrx_word' id='word_1_260' title='bbox 207 3992 256 4051; x_wconf 80' lang='lat' dir='ltr'><strong>Sir</strong></span> <span class='ocrx_word' id='word_1_261' title='bbox 271 3995 351 4071; x_wconf 88' lang='lat' dir='ltr'><strong>prior</strong></span> <span class='ocrx_word' id='word_1_262' title='bbox 365 3996 540 4073; x_wconf 83' lang='lat' dir='ltr'><strong>aggreditur</strong></span> <span class='ocrx_word' id='word_1_263' title='bbox 552 3996 649 4067; x_wconf 82' lang='lat' dir='ltr'><strong>dietis,</strong></span> <span class='ocrx_word' id='word_1_264' title='bbox 666 4005 756 4071; x_wconf 84' lang='lat' dir='ltr'><strong>atque</strong></span> <span class='ocrx_word' id='word_1_265' title='bbox 770 3996 907 4072; x_wconf 83' lang='lat' dir='ltr'><strong>increpat</strong></span> <span class='ocrx_word' id='word_1_266' title='bbox 921 3998 1020 4055; x_wconf 88' lang='lat' dir='ltr'><strong>uitro:</strong></span> 
     </span>
    </p>
   </div>
   <div class='ocr_carea' id='block_1_6' title="bbox 113 4084 1048 4165">
    <p class='ocr_par' dir='ltr' id='par_1_27' title="bbox 113 4084 1048 4165">
     <span class='ocr_line' id='line_1_38' title="bbox 113 4084 1048 4165; baseline 0.006 -21"><span class='ocrx_word' id='word_1_267' title='bbox 113 4135 117 4143; x_wconf 86' lang='lat'><em>.</em></span> <span class='ocrx_word' id='word_1_268' title='bbox 135 4084 142 4093; x_wconf 73' lang='grc'><em>’</em></span> <span class='ocrx_word' id='word_1_269' title='bbox 206 4086 350 4163; x_wconf 79' lang='lat' dir='ltr'><strong>Quisquis</strong></span> <span class='ocrx_word' id='word_1_270' title='bbox 364 4108 408 4159; x_wconf 90' lang='lat' dir='ltr'><strong>es,</strong></span> <span class='ocrx_word' id='word_1_271' title='bbox 425 4098 558 4147; x_wconf 68' lang='lat' dir='ltr'><strong>armatus</strong></span> <span class='ocrx_word' id='word_1_272' title='bbox 573 4090 623 4165; x_wconf 90' lang='lat' dir='ltr'><strong>qui</strong></span> <span class='ocrx_word' id='word_1_273' title='bbox 637 4097 739 4147; x_wconf 85' lang='lat' dir='ltr'><strong>nostra</strong></span> <span class='ocrx_word' id='word_1_274' title='bbox 754 4089 792 4147; x_wconf 84' lang='lat' dir='ltr'><strong>ad</strong></span> <span class='ocrx_word' id='word_1_275' title='bbox 806 4089 928 4148; x_wconf 88' lang='lat' dir='ltr'><strong>flumina</strong></span> <span class='ocrx_word' id='word_1_276' title='bbox 940 4090 1048 4163; x_wconf 84' lang='lat' dir='ltr'><strong>tendis,</strong></span> 
     </span>
    </p>
   </div>
   <div class='ocr_carea' id='block_1_7' title="bbox 204 4178 1212 4359">
    <p class='ocr_par' dir='ltr' id='par_1_28' title="bbox 204 4178 1212 4359">
     <span class='ocr_line' id='line_1_39' title="bbox 204 4178 1160 4265; baseline 0.012 -28"><span class='ocrx_word' id='word_1_277' title='bbox 204 4178 283 4237; x_wconf 84' lang='lat' dir='ltr'><strong>Fare</strong></span> <span class='ocrx_word' id='word_1_278' title='bbox 298 4200 367 4258; x_wconf 87' lang='lat' dir='ltr'><strong>age,</strong></span> <span class='ocrx_word' id='word_1_279' title='bbox 384 4181 454 4257; x_wconf 93' lang='lat' dir='ltr'><strong>quid</strong></span> <span class='ocrx_word' id='word_1_280' title='bbox 468 4183 573 4241; x_wconf 86' lang='lat' dir='ltr'><strong>venias</strong></span> <span class='ocrx_word' id='word_1_281' title='bbox 589 4202 597 4252; x_wconf 92' lang='lat'>;</span> <span class='ocrx_word' id='word_1_282' title='bbox 617 4184 679 4259; x_wconf 90' lang='lat' dir='ltr'><strong>jam</strong></span> <span class='ocrx_word' id='word_1_283' title='bbox 692 4183 781 4241; x_wconf 78' lang='lat' dir='ltr'><strong>istinc</strong></span> <span class='ocrx_word' id='word_1_284' title='bbox 795 4192 826 4241; x_wconf 88' lang='lat' dir='ltr'><strong>et</strong></span> <span class='ocrx_word' id='word_1_285' title='bbox 839 4186 999 4261; x_wconf 87' lang='lat' dir='ltr'><strong>comprime</strong></span> <span class='ocrx_word' id='word_1_286' title='bbox 1014 4204 1160 4265; x_wconf 78' lang='lat' dir='ltr'><strong>gressum.</strong></span> 
     </span>
     <span class='ocr_line' id='line_1_40' title="bbox 204 4272 1212 4359; baseline 0.006 -28"><span class='ocrx_word' id='word_1_287' title='bbox 204 4272 383 4333; x_wconf 75' lang='lat' dir='ltr'><strong>Umbrarum</strong></span> <span class='ocrx_word' id='word_1_288' title='bbox 400 4276 448 4333; x_wconf 88' lang='lat' dir='ltr'><strong>hic</strong></span> <span class='ocrx_word' id='word_1_289' title='bbox 463 4278 548 4335; x_wconf 87' lang='lat' dir='ltr'><strong>iocus</strong></span> <span class='ocrx_word' id='word_1_290' title='bbox 563 4286 619 4349; x_wconf 87' lang='lat' dir='ltr'><strong>est,</strong></span> <span class='ocrx_word' id='word_1_291' title='bbox 635 4278 737 4335; x_wconf 89' lang='lat' dir='ltr'><strong>Somni</strong></span> <span class='ocrx_word' id='word_1_292' title='bbox 749 4278 916 4354; x_wconf 85' lang='lat' dir='ltr'><strong>Noctisque</strong></span> <span class='ocrx_word' id='word_1_293' title='bbox 931 4298 1067 4359; x_wconf 72' lang='lat' dir='ltr'><strong>soporas:</strong></span> <span class='ocrx_word' id='word_1_294' title='bbox 1132 4284 1193 4341; x_wconf 77' lang='lat'><strong>890</strong></span> <span class='ocrx_word' id='word_1_295' title='bbox 1210 4333 1212 4337; x_wconf 83' lang='lat'><em>.</em></span> 
     </span>
    </p>
   </div>
   <div class='ocr_carea' id='block_1_8' title="bbox 205 4364 914 4522">
    <p class='ocr_par' dir='ltr' id='par_1_29' title="bbox 205 4364 914 4522">
     <span class='ocr_line' id='line_1_41' title="bbox 205 4364 914 4451; baseline 0.008 -26"><span class='ocrx_word' id='word_1_296' title='bbox 205 4364 343 4445; x_wconf 86' lang='lat' dir='ltr'><strong>Corpora</strong></span> <span class='ocrx_word' id='word_1_297' title='bbox 357 4368 425 4430; x_wconf 79' lang='lat' dir='ltr'><strong>viva</strong></span> <span class='ocrx_word' id='word_1_298' title='bbox 438 4370 524 4429; x_wconf 86' lang='lat' dir='ltr'><strong>nefas</strong></span> <span class='ocrx_word' id='word_1_299' title='bbox 538 4370 645 4451; x_wconf 69' lang='lat' dir='ltr'><strong>Stygia</strong></span> <span class='ocrx_word' id='word_1_300' title='bbox 658 4380 779 4431; x_wconf 80' lang='lat' dir='ltr'><strong>sectare</strong></span> <span class='ocrx_word' id='word_1_301' title='bbox 800 4371 914 4433; x_wconf 63' lang='lat' dir='ltr'><strong>carini.</strong></span> 
     </span>
     <span class='ocr_line' id='line_1_42' title="bbox 525 4465 586 4522; baseline -0.033 0"><span class='ocrx_word' id='word_1_302' title='bbox 525 4470 557 4522; x_wconf 82' lang='lat' dir='ltr'><strong>lt</strong></span> <span class='ocrx_word' id='word_1_303' title='bbox 568 4465 586 4500; x_wconf 67' lang='lat'>&#39;</span> 
     </span>
    </p>
   </div>
   <div class='ocr_carea' id='block_1_9' title="bbox 0 0 1588 5234">
    <p class='ocr_par' dir='ltr' id='par_1_30' title="bbox 0 0 1588 5234">
     <span class='ocr_line' id='line_1_43' title="bbox 0 0 1588 5234; baseline 0 2"><span class='ocrx_word' id='word_1_304' title='bbox 0 0 1588 5234; x_wconf 95' lang='lat' dir='ltr'><strong> </strong></span> 
     </span>
    </p>
   </div>
  </div>
 </body>
</html>
