3167 5234
538 540 759 591 GEORGICON
777 542 849 591 uls.
863 542 910 591 lV.

226 680 330 759 Usque
344 680 486 743 eoloratis
498 681 592 741 amnis
606 680 738 741 devexus
753 684 791 741 ab
806 681 898 753 ludis,
983 752 986 755 ,

228 774 330 835 Omnis
344 775 375 833 in
388 772 448 833 hdo
462 782 576 835 certam
590 776 675 853 regio
692 776 766 852 jaeit
781 784 846 836 erte
860 776 997 835 salutem.

225 868 364 948 Exiguus
378 868 515 947 primiun,
531 877 621 946 atque
635 870 716 948 ipses
730 878 902 931 eontrsetus
916 868 954 928 ad
968 889 1051 944 usus,
1156 870 1216 931 296

226 962 357 1041 Eligitur
371 962 457 1021 loeus
471 981 478 1020 ε
502 963 582 1022 hune
597 964 775 1042 angustique
789 964 914 1023 imbrice
926 963 999 1023 teeti

226 1056 456 1134 Parietibusque
471 1066 607 1137 premunt
622 1060 714 1118 eretis
727 1078 735 1129 3
759 1068 789 1118 et
803 1066 931 1136 quatuor
944 1056 1067 1143 addunt,

227 1150 367 1219 Qnstuor
380 1170 399 1209 a
412 1152 519 1225 uentis,
535 1150 660 1229 obliquis
672 1153 741 1213 luee
754 1152 911 1213 fenestras.

226 1243 304 1303 Tum
318 1244 438 1317 vitulus,
454 1243 536 1305 bime
550 1264 679 1305 curvans
696 1246 759 1322 jem
773 1266 888 1306 eernua
899 1246 1009 1319 fronte,

227 1337 383 1406 Quoeritur
397 1357 404 1397 ε
417 1339 497 1397 ¹huie
511 1339 638 1417 geminen
652 1360 742 1399 neres
756 1349 785 1399 et
799 1340 921 1418 spiritus
939 1340 1000 1400 eris
1157 1341 1218 1403 δῦ)

227 1430 325 1490 Multa
337 1432 498 1491 reluctanti
511 1433 656 1505 ebsuitur,
673 1434 831 1513 plagisque
844 1443 998 1512 perempte

227 1524 333 1583 ll'unsa
345 1544 399 1603 per
412 1525 560 1604 integram
573 1526 729 1587 solvuntur
742 1528 861 1587 viscere
873 1528 991 1605 pellem.

229 1618 281 1679 sio
295 1618 421 1696 positum
433 1619 463 1680 in
478 1620 583 1679 elauso
597 1620 733 1698 linquunt
747 1640 754 1691 ;
780 1628 810 1679 et
823 1639 927 1679 rames
939 1620 1031 1679 uestis

229 1712 394 1789 Subjieiunt
408 1711 586 1791 fragmenta,
601 1713 743 1791 thymum,
760 1714 919 1791 casiasque
933 1720 1082 1773 recentes.

226 1805 297 1867 Hee
311 1808 436 1885 geritur,
452 1808 601 1887 Zephyris
615 1808 740 1887 primum
754 1806 973 1886 impellentibus
988 1808 1093 1881 undae,
1156 1807 1216 1872 ³0⁶

225 1900 304 1959 Ante
319 1902 404 1961 novis
418 1903 545 1963 rubeant
561 1902 650 1978 quim
664 1910 749 1980 prata
762 1902 924 1974 celeribus,
940 1901 1010 1961 ante

225 1992 359 2053 Garrula
373 1995 463 2072 qudm
476 1995 567 2073 tignis
581 1994 681 2055 nidum
694 1996 856 2074 suspendat
869 1994 1005 2055 hirundo.

227 2084 347 2147 Interea
360 2089 473 2147 teneris
486 2090 654 2171 tepefactus
668 2090 698 2149 in
712 2089 831 2149 ossibus
845 2088 951 2148 bumer

226 2181 373 2253 AEstuat3
396 2191 427 2241 et
440 2184 566 2244 visenda
578 2185 673 2245 medis
687 2185 828 2243 animalis
845 2184 939 2257 miris,

226 2275 350 2335 Trunca
364 2276 472 2355 pedum
486 2278 592 2356 primd,
608 2297 677 2339 mox
688 2288 719 2339 et
733 2279 889 2337 stridentia
902 2278 1017 2356 pennis,
1158 2280 1218 2341 ³10

226 2368 404 2442 Miscentur,
420 2378 599 2449 tenuemque
614 2373 711 2451 magis
728 2371 825 2451 megia
845 2374 918 2431 adra
930 2377 1077 2449 carpunt:

226 2461 344 2535 Denee,
362 2472 394 2522 ut
409 2465 520 2525 estivis
533 2466 647 2525 effusus
661 2467 789 2525 nubibus
803 2466 908 2537 imber,

227 2554 365 2636 Erupere
382 2577 390 2627 ;
416 2570 467 2618 eut
480 2568 512 2618 ut
526 2579 619 2620 nervo
633 2561 769 2638 pulsante
784 2560 912 2637 sagittae,

226 2648 328 2710 Prima
340 2652 424 2711 leves
438 2653 540 2713 ineunt
553 2655 579 2713 ei
594 2654 713 2732 quande
727 2654 835 2733 proelia
849 2652 964 2713 Pertbi.
1086 2668 1093 2678 ’

266 2745 344 2813 Quis
358 2744 433 2805 deus
446 2748 535 2819 hane,
552 2748 660 2821 Musae,
677 2748 743 2825 quis
757 2748 844 2807 nobis
857 2745 972 2805 extudit
986 2744 1105 2806 anem?
1157 2748 1218 2807 816

228 2836 312 2897 Unde
326 2858 405 2898 nove
418 2840 574 2919 ingressus
587 2841 737 2901 hominum
751 2840 937 2919 experientia
948 2839 1027 2917 oepit
1042 2839 1054 2896 ἓ

264 2932 375 2992 Pastor
387 2933 546 3007 Aristaeus,
562 2935 681 3014 fugiens
693 2935 810 2994 Peneia
823 2934 949 3011 Tempe,

159 3026 165 3033 '
227 3026 364 3098 Amissis,
381 3035 413 3086 ut
427 3027 516 3100 seme,
533 3029 639 3107 epibus
657 3030 822 3106 morboque
836 3028 986 3105 fameque,

227 3118 336 3178 Tristis
349 3120 387 3179 ad
403 3121 529 3181 extremi
543 3140 663 3181 sacrum
676 3130 766 3199 eaput
781 3121 893 3181 adstitit
912 3121 1018 3195 amnis,

226 3212 324 3273 Multa
338 3233 478 3290 querens,
495 3221 584 3292 atque
598 3214 657 3275 bie
671 3215 780 3275 effetus
793 3234 868 3275 veee
883 3223 1057 3292 parentem:
1157 3216 1218 3275 ³20

230 3312 250 3339 “
259 3306 372 3379 Meter,
390 3307 512 3385 Cyrene
526 3317 631 3381 mater,
649 3327 716 3385 quae
730 3308 857 3387 gurgitis
870 3309 960 3385 hujus

227 3398 292 3459 lma
306 3398 403 3475 tenes,
421 3402 490 3479 quid
503 3422 551 3461 me
566 3402 712 3480 praelerd
724 3404 816 3481 stirpe
837 3403 961 3463 deorum

229 3494 276 3571 (Si
289 3494 387 3567 medd,
404 3514 491 3572 quem
504 3496 655 3574 perhibes,
672 3504 757 3575 peter
770 3505 817 3555 est
830 3497 1029 3574 Thymbraeus
1042 3495 1166 3578 Apelle)

227 3586 361 3646 Invisum
374 3588 443 3647 satis
456 3589 587 3667 genuisti
601 3589 612 3646 ἓ
633 3598 684 3649 aut
699 3590 758 3667 qud
772 3591 826 3650 tibi
839 3590 934 3651 nestri

225 3678 338 3739 Pulsus
353 3700 436 3739 amer
451 3681 462 3737 ἓ
488 3682 558 3759 quid
572 3702 619 3741 me
633 3683 743 3743 eoelum
757 3704 880 3762 sperere
897 3682 1053 3760 jubebas?
1158 3684 1219 3743 ³2⁶

172 3768 177 3779 ’
226 3772 276 3831 En
290 3774 381 3833 etiem
394 3776 474 3833 hune
488 3776 584 3854 ipsum
597 3777 664 3836 vitae
678 3778 813 3837 mortalis
825 3777 980 3849 bonorem,

226 3866 327 3934 Quem
341 3868 412 3926 mihi
426 3868 475 3927 rix
489 3868 608 3948 frugum
621 3878 651 3929 et
665 3870 814 3949 pecudum
827 3869 964 3929 custodia
976 3868 1074 3929 solers

226 3958 337 4019 Omnia
348 3963 475 4021 tentanti
489 3964 656 4037 exluderet,
672 3971 702 4023 te
716 3971 822 4035 matre,
837 3962 984 4040 relinque.
1028 4036 1033 4046 ι

228 4052 311 4120 Quin
326 4072 394 4133 age,
411 4067 441 4115 et
454 4058 521 4135 ipsa
533 4077 624 4118 manu
638 4058 742 4117 felices
755 4076 829 4118 erue
842 4057 935 4117 silvas
948 4076 957 4129 ;

118 4140 124 4149 ’
225 4145 290 4207 Fer
303 4149 428 4209 stabulis
441 4150 593 4211 inimicum
606 4152 716 4231 ignem,
734 4159 825 4229 etque
837 4150 973 4212 interfice
986 4170 1101 4215 messes
1114 4172 1123 4225 ;
1158 4152 1219 4215 880

225 4238 289 4298 Ure
303 4249 381 4314 sata,
397 4251 427 4301 et
441 4245 570 4305 validam
584 4245 615 4305 in
629 4246 704 4306 vites
718 4246 822 4306 molire
836 4246 996 4324 bipennem
1010 4266 1018 4307 ι

225 4332 328 4394 Tanta
341 4354 416 4397 mee
430 4338 457 4397 si
470 4346 500 4399 te
514 4348 659 4419 oeperunt
672 4340 762 4402 tedis
775 4340 908 4401 laudis.”
