3167 5234
561 542 737 592 AEMIDOS
755 544 827 593 ΗΒ.
841 544 872 593 Σ.

214 684 312 763 Eripit
327 704 346 742 s
358 682 478 756 semiue,
495 691 526 741 st
539 682 699 761 trepidanti
711 683 843 743 fervidus
856 685 954 747 instet.

216 778 367 858 Ingemuit
380 777 444 838 ceri
458 777 592 855 graviter
604 777 749 855 genitoris
762 794 874 853 umore,

215 871 257 930 Ut
269 871 352 942 vidit,
367 870 500 941 Lausus,
516 871 719 948 lacrymisque
734 890 787 950 per
800 890 853 931 ors
870 866 988 933 volate.

215 965 281 1025 Hic
293 966 397 1025 mortis
411 965 495 1023 durm
508 984 623 1037 cesum,
637 973 751 1042 tueque
765 968 876 1044 optimu
890 967 981 1039 secte,

217 1060 250 1119 si
263 1059 427 1137 quotidem
437 1066 522 1117 tento
535 1067 583 1117 est
595 1060 679 1136 operi
692 1058 791 1119 lsturs
809 1068 953 1132 vetustus,

216 1152 245 1213 N
248 1172 287 1212 on
300 1153 451 1230 equidem,
465 1161 578 1224 necte,
590 1152 711 1228 juvenis
723 1154 926 1225 memorande,
942 1153 1047 1213 silebo.

217 1246 272 1306 lile
287 1247 393 1325 pedem
406 1246 553 1317 referens,
568 1255 599 1304 et
613 1247 735 1318 inutilis,
750 1249 842 1325 inque
856 1248 976 1326 ligatus,

218 1338 367 1412 (ludebat,
382 1341 550 1417 clypeoque
563 1341 715 1400 inimicum
728 1342 835 1401 hastile
849 1342 998 1400 trshebst.

218 1434 357 1513 Prorupit
366 1435 496 1510 juvenis,
513 1427 642 1513 seseque
655 1437 814 1495 immiscuit
828 1437 927 1495 ermis.

218 1528 347 1606 Jamque
361 1531 549 1607 assurgentis
562 1530 678 1602 dextrd,
694 1528 873 1609 plagamque
888 1529 1021 1603 serentis,

217 1622 329 1682 AEnem
343 1624 434 1681 subiit
445 1642 628 1696 mucronem,
645 1627 801 1702 ipsumque
816 1624 958 1683 merendo

219 1717 384 1776 Sustinuit:
405 1716 482 1776 socii
493 1736 602 1795 msgno
616 1718 746 1776 clsmors
761 1724 938 1795 sequuntur,

218 1808 300 1871 Dum
311 1811 431 1889 genitor
443 1811 506 1869 neti
520 1809 625 1889 permis
637 1818 790 1889 protectus
804 1811 900 1869 sbiret
914 1828 922 1880 ;

218 1904 355 1985 Telaque
370 1905 542 1980 conjiciunt,
558 1908 795 1981 proturbantque
810 1906 926 1963 eminus
939 1902 1056 1961 hostem

219 1996 399 2058 Missilibus.
440 1998 528 2057 Furit
542 1999 673 2072 AEness‚
688 2006 847 2075 tectusque
861 2004 944 2057 tenet
958 2015 1000 2057 ss.

218 2093 265 2151 Ac
278 2092 371 2164 velut,
388 2091 486 2150 effusi
499 2092 525 2150 si
538 2092 658 2168 quondo
672 2092 818 2170 grandine
832 2091 924 2151 nimbi

218 2184 422 2264 Prsecipitsnt,
438 2186 533 2244 omnis
546 2186 662 2264 csmpis
675 2184 792 2264 diffugit
806 2194 918 2257 sistor,

218 2276 323 2339 Omnis
336 2287 368 2337 et
381 2280 531 2357 agricole3
552 2287 583 2337 et
595 2277 662 2338 tutd
675 2280 748 2337 lstet
761 2296 833 2337 erce
848 2276 955 2350 vietor,

219 2374 280 2433 Aut
294 2374 390 2431 smnis
403 2373 484 2451 ripis,
500 2380 552 2432 sut
566 2373 619 2431 ulti
633 2373 746 2431 fornice
760 2372 836 2444 sexi,

218 2466 301 2526 Dum
314 2468 387 2545 pluit
402 2466 534 2524 interris
549 2484 558 2536 3
581 2478 615 2524 ut
628 2467 752 2543 possint,
768 2465 833 2524 sole
846 2465 981 2537 reducto,

219 2560 374 2621 Exercere
388 2559 487 2618 diem:
509 2560 554 2618 sic
568 2562 694 2618 obrutus
707 2560 839 2636 undique
853 2559 922 2617 telis

219 2654 340 2715 AEness
352 2655 463 2713 nubem
476 2654 558 2725 belli,
574 2653 645 2711 dum
657 2653 789 2724 detonet,
806 2670 924 2711 omnem

219 2744 363 2819 Sustinet,
378 2754 408 2805 et
419 2747 554 2806 Lsusum
567 2747 736 2824 increpitet,
751 2745 915 2821 Lsusoque
928 2744 1078 2803 minetur:

220 2840 302 2913 Qud,
317 2840 470 2911 moriture,
485 2840 573 2898 ruis?
594 2841 767 2917 majoreque
781 2838 894 2897 viribus
908 2837 1003 2896 eudes
1019 2836 1031 2893 i

219 2934 309 2994 Fallit
323 2943 353 2993 te
367 2935 520 2993 incautum
533 2934 630 3011 pietus
642 2943 704 2993 tus.
746 2933 814 2992 Nee
829 2932 925 2990 minits
939 2930 989 2989 ille

219 3030 358 3089 Exsultat
373 3029 495 3088 demens
508 3048 523 3086 ε·
538 3048 627 3087 smvm
637 3029 761 3106 jamque
776 3027 866 3087 ultius
880 3026 934 3085 irre

220 3125 375 3184 Dardanio
388 3132 516 3203 surgunt
530 3124 657 3195 ductori,
673 3132 867 3200 extremaque
881 3120 985 3180 Leuso

219 3214 324 3278 Percae
338 3219 390 3277 fils
402 3218 507 3297 legunt
521 3237 528 3287 3
554 3217 683 3276 validum
695 3236 825 3293 numque
840 3214 931 3295 exigit
946 3234 1048 3275 ensem

218 3312 279 3371 Per
292 3313 422 3371 medium
435 3312 555 3371 AEness
564 3312 717 3388 juvenem,
733 3318 887 3387 totumque
904 3308 1049 3372 recondit.

219 3405 352 3464 Transiit
367 3413 396 3464 et
410 3424 544 3484 psrmsm
557 3424 672 3475 mucro,
689 3404 768 3461 levis
782 3422 867 3462 srme
886 3404 1022 3475 minaeis,

218 3498 415 3570 Bituricam,
432 3497 512 3557 molli
525 3508 621 3557 meter
636 3515 725 3574 qusm
738 3504 864 3555 neverat
879 3516 953 3555 suro
968 3516 975 3566 ;

220 3591 416 3670 implevitque
430 3594 527 3651 sinum
540 3592 664 3671 sanguis
678 3610 685 3648 :
707 3598 770 3649 tum
782 3590 844 3648 vite
857 3608 911 3667 per
925 3608 1015 3649 sures

161 3756 166 3767 ι
219 3681 380 3745 Concessit
393 3695 502 3746 moeste
516 3685 554 3744 sd
568 3686 687 3756 Manes,
704 3702 873 3761 corpusque
887 3684 1017 3759 reliquit.

257 3783 298 3841 At
312 3782 385 3841 veri)
400 3788 431 3841 ut
445 3781 558 3839 vultum
572 3780 644 3838 vidit
658 3778 811 3837 morientis
826 3784 855 3835 et
869 3796 934 3849 ors,

219 3878 283 3938 Ore
296 3877 402 3948 modis,
418 3874 630 3945 Anchisiades,
647 3873 791 3951 pollentia
802 3871 894 3942 miris,

219 3970 369 4049 Ingemuit
382 3970 529 4029 miserens
543 3968 686 4046 graviter,
702 3966 897 4043 dextrumque
911 3962 1034 4024 tetendit
1047 3983 1055 4035 3

217 4062 259 4122 Et
272 4072 402 4121 mentem
415 4063 519 4141 pstrioe
534 4061 623 4120 subiit
637 4059 756 4139 pietstis
770 4059 869 4137 imago
885 4076 892 4115 :

219 4150 301 4225 Quid
313 4157 369 4215 tibl
382 4173 474 4228 nuuc,
490 4154 658 4215 miserande
674 4172 758 4232 puer,
774 4171 828 4230 pro
843 4151 980 4210 leudibus
994 4149 1070 4225 istis,

218 4251 300 4320 Quid
315 4252 382 4330 pius
395 4252 516 4310 AEnees
530 4249 615 4310 tenti
628 4250 709 4308 debit
723 4247 822 4307 indole
837 4246 983 4325 dignum?
1127 4320 1130 4327 ,

217 4346 322 4419 Arma,
340 4346 449 4423 quibus
462 4347 591 4419 loetstus,
606 4344 684 4403 ltebe
698 4351 751 4402 tus
764 4362 772 4414 3
796 4350 887 4420 teque
903 4338 1059 4420 purentitm
