3167 5234
577 518 753 591 munrnos
772 518 841 567 uin
856 518 903 567 rx.
1172 524 1228 581 261

244 652 384 716 Volvitur
397 656 447 715 ille
462 674 584 715 romono
598 656 727 717 calidum
740 657 777 715 de
791 664 913 735 pectore
926 656 1036 715 flumen

245 750 397 829 Frigidus,
413 757 443 807 et
456 749 555 827 longis
569 750 747 827 singultibus
760 751 813 809 ilio
825 751 932 828 pulset.
1173 750 1233 808 415

244 843 366 902 Diversi
380 842 632 920 circumspiciunt.
674 843 746 901 Hoc
760 844 859 902 uerior
872 844 950 902 idem

242 936 329 995 Ecce
343 935 423 993 uliud
437 933 554 995 nummi
566 936 659 995 telum
672 936 799 995 librabat
813 937 851 994 ob
869 955 941 995 oure
955 955 964 993 ι

243 1030 325 1088 Dum
338 1028 498 1106 trepidant,
514 1028 547 1087 iit
560 1029 648 1087 hnuto
659 1030 747 1107 Tago
761 1049 815 1107 per
828 1038 944 1107 tempus
958 1036 1126 1108 utrumque,

244 1121 389 1193 stridone,
405 1122 591 1198 trajectoque
605 1122 690 1181 haeeit
704 1123 854 1201 tepefacto
867 1125 1002 1183 cerebro.

244 1215 337 1275 Solvit
351 1223 437 1273 ntrox
449 1214 609 1287 Volecene,
626 1235 682 1275 nec
696 1216 748 1274 teli
762 1216 907 1294 conspicit
922 1235 1049 1292 nequem
1172 1217 1233 1275 tuo

191 1319 195 1327 ’
243 1308 419 1379 Auctorem,
435 1326 492 1365 nec
507 1308 566 1383 qub
581 1328 614 1366 ec
629 1309 737 1368 ordene
751 1308 907 1367 immittere
921 1309 1034 1386 poenit:

243 1402 293 1460 Tu
306 1407 406 1460 tomen
419 1402 536 1460 interce
550 1402 646 1461 calido
660 1403 733 1461 mihi
746 1404 893 1481 sunguine
911 1422 1016 1480 poenoc

243 1492 404 1553 Persolvee
418 1496 582 1567 amborum,
598 1495 703 1571 inquit.
746 1496 839 1553 Simul
852 1515 925 1553 enee
938 1495 1058 1553 reclueo

245 1586 313 1647 Ibet
326 1588 355 1645 in
368 1587 543 1665 Euryalum.
586 1589 666 1647 Tum
678 1588 750 1647 verb
772 1590 943 1659 exterritus,
959 1607 1063 1647 emeno

245 1678 423 1741 Conclamat
437 1682 466 1739 N
469 1681 531 1739 iens
548 1701 560 1751 3
580 1700 637 1741 nec
650 1702 683 1741 se
698 1682 799 1741 celere
812 1682 945 1741 tenebris
1174 1684 1233 1745 425
1347 1715 1350 1722 ·

242 1773 389 1851 Ampliue,
405 1782 458 1833 aut
470 1782 584 1835 tentum
598 1776 692 1853 potnit
706 1776 839 1854 perferre
854 1776 1008 1837 dolorem:

241 1866 305 1939 Me,
322 1886 381 1940 me,
398 1868 502 1927 odeum
517 1869 568 1945 qui
581 1869 639 1927 feci
655 1888 663 1939 ;
687 1869 716 1927 in
731 1889 777 1929 me
793 1870 957 1928 convertite
972 1869 1093 1942 semum,

242 1960 271 2020 0
284 1962 389 2025 Rutuli
404 1965 411 2021 Ξ
432 1982 500 2021 mea
513 1963 596 2021 frons
609 1964 704 2022 omnis
719 1983 726 2021 t
748 1964 820 2023 nihil
835 1965 891 2022 inte
904 1982 1078 2036 nocemur,

242 2052 309 2112 Nec
324 2056 418 2131 potuit
431 2075 440 2125 3
463 2056 573 2115 coelum
587 2056 644 2115 boc
659 2065 689 2115 et
702 2058 937 2126 conscinsidere
950 2065 1043 2116 tentor
1058 2075 1081 2130 ι,

239 2146 373 2206 'Pontum
386 2148 536 2207 infelicem
549 2150 671 2209 nimium
684 2150 784 2209 dilexit
800 2152 938 2210 amicum.
1172 2152 1232 2210 tou

240 2240 331 2299 Tollo
344 2242 425 2301 dicto
438 2242 529 2301 dnbnt
541 2261 549 2311 ;
573 2244 626 2301 sed
640 2244 753 2303 viribus
767 2245 848 2303 ennio
860 2244 986 2303 eductus

240 2332 414 2395 'lhnnenbiit
427 2344 538 2407 coetos,
555 2344 584 2394 et
598 2336 726 2395 candidu
743 2345 867 2413 pectore
880 2337 998 2415 rumpit.

240 2426 381 2487 Volvitur
393 2429 548 2506 Euryalus
561 2431 631 2501 leto,
648 2430 848 2508 pulchrosque
864 2448 917 2507 per
930 2437 1013 2487 urtue

241 2520 271 2579 It
284 2541 383 2593 cruor,
400 2521 489 2597 inque
503 2522 642 2581 humeros
657 2522 758 2581 cervix
772 2523 906 2599 collopen
919 2522 1084 2580 recumbit:

241 2613 415 2692 Purpureus
428 2615 521 2691 veluti
536 2635 626 2691 quum
640 2614 706 2687 flou,
722 2615 859 2673 succinus
873 2624 986 2686 orctro,
1170 2615 1230 2673 cto

240 2706 427 2786 Langueeoit
440 2709 569 2767 morione
585 2728 593 2779 ;
616 2710 734 2767 loeeovo
749 2728 901 2786 peperero
914 2708 992 2765 collo

239 2798 401 2859 Demiobre
415 2808 515 2877 ceput,
533 2801 632 2877 pluvii
647 2822 736 2879 quum
750 2802 826 2859 sorte
839 2810 1011 2879 graventur.
1033 2846 1036 2851 .

241 2892 283 2951 At
295 2893 389 2951 Nisus
402 2894 461 2951 ruit
476 2893 505 2951 in
519 2895 643 2965 medios,
659 2896 816 2971 solumque
830 2913 883 2972 per
896 2913 1000 2953 omuee

241 2984 435 3047 Volecentom
450 2988 521 3065 petit
537 3007 545 3057 ;
569 2988 599 3047 in
613 2989 676 3049 solo
690 2989 854 3047 Volnoente
868 2997 1011 3047 moretur.

241 3078 341 3147 Quem
356 3081 469 3139 nircum
484 3082 639 3159 glomerati
653 3082 765 3153 hostes,
781 3082 851 3142 binc
865 3082 1030 3140 comminue
1043 3090 1135 3158 utque
1147 3081 1219 3141 binc

240 3172 421 3233 Proturbcnt
436 3193 443 3231 z
460 3176 556 3233 'instat
569 3195 628 3233 non
642 3176 752 3245 secius,
768 3195 806 3233 ec
819 3184 898 3233 rotet
912 3194 1016 3233 ensem
1168 3179 1224 3233 441
1348 3232 1355 3244 ,

239 3264 429 3325 Fulmineum
444 3287 452 3336 ;
475 3266 571 3325 donec
585 3268 690 3349 Rutuli
705 3268 861 3327 clementie
874 3268 905 3325 in
919 3286 971 3325 ore

241 3356 382 3418 Condidit
396 3360 533 3431 adverso,
550 3369 579 3419 et
593 3360 722 3419 moriens
736 3360 862 3419 animum
877 3360 998 3417 obstulit
1011 3359 1098 3418 boeti.

239 3450 318 3509 'I'um
332 3471 423 3530 nuper
436 3454 605 3513 exanimum
618 3474 685 3513 ecee
700 3454 824 3532 projecit
838 3454 968 3511 amicum

241 3544 409 3619 Consoseun,
417 3546 593 3624 placidique
608 3548 648 3606 ibi
663 3548 779 3607 demum
793 3556 887 3605 morte
902 3547 1022 3623 quievit.
1168 3548 1227 3605 446

278 3637 436 3698 Fortunati
450 3642 556 3699 umbo!
572 3641 679 3718 siquid
695 3661 762 3700 mec
776 3641 907 3699 corminn
923 3647 1057 3717 poenum,
1106 3662 1109 3667 ’

237 3734 268 3793 N
270 3735 331 3793 ulln
344 3736 410 3795 dien
424 3757 553 3814 unquam
567 3739 690 3797 memori
703 3758 757 3796 vos
771 3739 879 3796 eximet
894 3740 981 3805 mv03

235 3826 319 3887 Dum
333 3830 437 3888 domus
451 3832 562 3889 AEneae
576 3830 707 3908 Capitoli
722 3831 870 3889 immobile
884 3848 991 3896 oerum

236 3922 374 3995 Accolet,
390 3924 606 4001 imperiumque
620 3933 705 4001 poter
718 3924 874 3981 Romanus
887 3922 1016 3981 hebebit.

275 4013 418 4075 Victores
431 4017 534 4094 praedfi
547 4017 653 4075 Rutuli
667 4017 828 4094 spoliisque
847 4015 930 4094 potiti
1130 4060 1135 4067 -
1164 4017 1225 4077 460

235 4106 430 4167 Volecentem
443 4110 610 4169 exanimum
625 4108 730 4167 flentes
745 4109 774 4166 in
790 4118 890 4166 contro
902 4109 1046 4168 serebant.

234 4200 302 4259 Nec
316 4203 413 4260 minor
426 4203 455 4261 in
470 4204 576 4261 contris
590 4203 698 4273 luctus,
714 4202 884 4260 Rhamnete
898 4210 1017 4278 reperto

235 4292 403 4374 Exenngui,
420 4304 450 4355 et
464 4296 565 4375 primis
579 4292 640 4354 uni
653 4305 696 4354 tot
710 4296 792 4355 caede
808 4296 978 4373 peremptio,
