3167 5234
534 546 755 596 GEORGICON
775 547 846 595 LlB.
861 547 907 596 lv.

181 699 185 726 ¹
207 710 211 720 ·
225 686 353 757 Amisso,
369 681 480 764 rupdre
503 685 593 746 fidem
610 706 618 757 3
642 694 874 766 constructaque
887 687 978 746 mella

224 779 385 858 Diripudre
400 780 485 857 ipsos,
502 788 532 838 ct
546 793 646 840 crates
659 778 776 840 solvere
790 781 935 840 favorum.

224 873 277 932 llle
292 892 418 952 operum
431 881 533 932 custos
549 892 557 944 ;
580 873 662 932 illum
677 873 860 933 admirantur
874 893 882 945 3
906 883 936 933 et
949 891 1051 934 omnes
1152 875 1212 933 215

224 965 428 1026 Circumstant
442 967 563 1025 fremitu
577 966 680 1039 denso,
696 968 866 1046 stipantque
880 967 1052 1044 frequentes
1067 985 1076 1037 3

223 1059 262 1119 Et
276 1060 358 1138 saspd
374 1061 510 1119 attollunt
523 1060 665 1134 humeris,
681 1073 711 1120 et
726 1081 853 1139 corpora
866 1061 945 1120 bello

223 1153 394 1230 objectant,
411 1152 624 1232 pulchramque
639 1163 741 1232 petunt
760 1174 814 1233 per
828 1156 954 1214 vulnera
964 1161 1100 1214 mortem.

261 1247 322 1306 His
337 1238 458 1324 quidam
472 1248 576 1326 signis,
593 1257 682 1324 atque
696 1248 763 1307 baec
777 1249 914 1327 exempla
926 1248 1033 1321 wenti,

223 1339 301 1402 Esse
316 1341 421 1418 apibus
435 1349 549 1418 partem
563 1340 671 1400 divinas
685 1342 790 1400 mentis
805 1352 835 1400 et
848 1341 973 1400 haustus
1153 1343 1214 1400 220

224 1433 382 1494 AEtherios
397 1431 509 1492 diriore.
546 1432 645 1493 Deum
659 1454 787 1511 namque
801 1434 846 1492 ire
859 1454 913 1513 per
925 1453 1029 1494 omnes

224 1527 407 1604 Terraeque,
423 1535 597 1604 tractusque
611 1528 712 1600 maris,
729 1528 898 1604 coelumque
913 1527 1112 1605 profundum:

226 1619 309 1680 Hinc
328 1620 468 1698 pecudes,
485 1629 629 1693 armenta,
646 1621 736 1694 viros,
752 1640 849 1700 genus
862 1641 948 1680 omne
963 1621 1104 1692 ferarum,

226 1713 384 1791 Quemque
399 1713 455 1772 sibi
474 1720 581 1772 tenues
596 1724 769 1773 nascentem
783 1733 939 1774 arcessere
952 1715 1053 1773 vitas:

225 1807 347 1866 Scilicet
361 1807 421 1866 buc
434 1807 519 1867 reddi
533 1807 639 1866 deinde
655 1827 691 1867 ac
705 1808 838 1867 resoluta
851 1808 956 1866 referri
1151 1806 1213 1866 226

224 1900 352 1960 Omnia:
375 1920 432 1960 nec
445 1900 534 1962 morti
551 1919 619 1960 esse
633 1901 731 1960 locum
745 1921 753 1971 ;
777 1900 830 1960 sed
845 1901 913 1960 riva
925 1901 1027 1960 volare

226 1993 337 2052 Sideris
352 1993 382 2054 in
395 2013 562 2067 numerum,
579 2003 669 2073 atque
684 1994 744 2053 alto
758 1995 924 2054 srmcedere
937 1994 1025 2054 ccelo.

265 2089 296 2146 Si
311 2087 431 2165 quando
445 2088 547 2147 sedem
561 2099 719 2166 augustam
733 2097 913 2165 servataque
926 2088 1018 2146 mella

224 2182 391 2243 Thesauris
403 2183 514 2242 relines
531 2201 539 2253 3
563 2181 644 2262 priris
657 2183 766 2242 haustu
780 2203 903 2262 sparsus
917 2201 1063 2260 aquarum

226 2277 380 2350 Oratore,
396 2277 552 2354 fumosque
567 2295 657 2335 manu
671 2276 823 2355 pretende
837 2295 993 2351 sequaces.

225 2369 276 2430 Bis
290 2371 431 2451 gravidos
444 2379 556 2449 cogunt
570 2370 669 2442 foetus,
686 2369 745 2428 duo
758 2377 895 2447 tempora
906 2368 1033 2428 mamis:

225 2464 363 2543 Taygete
377 2465 464 2524 simtd
478 2483 512 2522 os
525 2463 614 2523 terris
628 2462 756 2522 ostendit
770 2461 928 2522 honestum

225 2555 317 2630 Plias,
334 2564 363 2616 et
377 2556 494 2616 Oceani
507 2563 622 2634 spretos
635 2555 712 2633 pede
727 2554 835 2632 repulit
849 2574 953 2614 amnes
965 2573 975 2627 ;

226 2651 286 2710 Aut
301 2651 406 2709 eadem
420 2649 503 2710 sidus
516 2649 635 2729 fugiens
649 2649 700 2707 ubi
718 2647 817 2708 Piscis
830 2649 939 2725 aquosi

225 2743 354 2803 Tristior
367 2743 507 2802 hibernas
521 2743 598 2802 coslo
613 2742 767 2801 descendit
785 2741 816 2801 in
829 2741 935 2802 abdas.

226 2837 289 2896 Illis
302 2837 348 2895 ira
362 2835 480 2895 modum
499 2855 589 2914 supra
602 2843 658 2908 cst,
675 2835 817 2913 laesoeque
831 2855 978 2895 venenum

225 2931 377 2989 blorsibus
391 2929 545 3008 inspirant,
561 2937 591 2988 et
604 2930 719 3007 spicula
733 2949 816 2988 crece
830 2929 1002 3007 relinquunt

226 3023 333 3084 Affixae
347 3022 441 3095 venis,
457 3025 631 3100 animasque
645 3023 675 3080 in
689 3022 813 3081 vulnere
827 3031 947 3100 ponam.

265 3116 328 3189 Sin,
344 3115 450 3175 duram
463 3125 599 3174 metuens
615 3115 753 3188 hiemem,
769 3134 935 3194 parcesque
949 3115 1060 3190 futuro,

227 3209 438 3287 Contososque
453 3210 567 3268 animos
581 3218 611 3269 et
624 3227 673 3266 res
686 3209 869 3267 miserabere
884 3209 996 3268 fractas
1012 3229 1021 3281 3

226 3303 265 3362 At
279 3302 383 3361 suffire
396 3303 508 3381 thymo,
524 3321 671 3379 ceresque
685 3301 821 3360 recidere
835 3302 951 3374 inanes,

227 3397 304 3466 Quis
319 3397 432 3457 dubitet
449 3397 459 3452 i
480 3415 551 3455 nam
564 3395 643 3473 saepb
658 3394 741 3454 savos
755 3395 875 3474 ignotus
888 3394 988 3454 adedit

227 3493 341 3566 Stellio,
358 3500 387 3549 et
398 3489 539 3567 lucifugis
552 3497 696 3568 congesta
710 3489 821 3548 cubilia
835 3489 935 3548 blattis
947 3508 956 3560 ς

227 3585 429 3662 Immanisque
443 3583 550 3643 sedens
564 3583 715 3642 alieua'ad
728 3583 838 3661 pabula
852 3583 949 3654 sucus,

225 3679 290 3739 Aut
304 3698 392 3757 asper
405 3681 513 3738 crabro
526 3677 688 3755 imparibus
702 3695 735 3735 se
749 3677 907 3735 immiscuit
921 3673 1012 3734 armis
1025 3691 1034 3744 3

224 3775 286 3832 Aut
301 3773 407 3846 dirum,
422 3772 522 3844 tineae,
536 3790 643 3850 genus,
660 3779 711 3829 aut
725 3771 822 3830 invisa
836 3768 987 3828 Minervas

224 3865 327 3926 Laxos
341 3866 371 3925 in
386 3865 498 3924 foribus
513 3864 665 3942 suspendit
680 3882 793 3921 aranea
806 3879 920 3920 casses.

226 3959 298 4028 Quo
311 3959 408 4038 magis
422 3960 575 4018 exhaustae
593 3957 713 4028 fuerint,
728 3957 787 4014 boc
801 3953 901 4014 acrius
914 3971 1018 4012 omues

123 4109 129 4122 ,
226 4049 406 4110 Incumbent
419 4051 540 4130 generis
554 4050 630 4128 lapsi
643 4049 756 4108 sarcire
769 4047 883 4119 ruinas,
897 4087 901 4092 -

226 4143 489 4223 complebuntque
503 4144 594 4215 soros,
611 4151 642 4201 et
656 4141 778 4200 floribus
793 4141 902 4200 borrae
913 4148 1025 4202 terent.

266 4239 300 4297 Si
314 4239 395 4312 verb,
413 4240 552 4316 quoniam
567 4257 656 4297 cneus
670 4235 775 4314 apibus
790 4255 907 4312 quoquo
920 4243 1038 4296 nostros

224 4332 300 4393 Vita
312 4333 390 4407 tulit,
405 4333 483 4393 tristi
498 4317 681 4412 languebunt
696 4349 823 4409 corpora
836 4331 949 4403 morbo,

877 4441 898 4482 x
