3167 5234
552 563 727 612 AEnslnos
747 565 817 613 tls.
831 566 899 624 111„

167 687 170 696 ’
224 702 276 776 Di,
291 703 383 762 meris
397 710 427 762 et
441 711 530 762 terris
543 710 812 781 tempestatumque
826 713 973 782 potentes,

224 797 314 856 Ferte
330 797 408 855 viam
422 804 511 854 vento
525 795 654 868 facilem,
670 804 700 854 et
714 797 825 873 spirate
839 797 972 856 secundi.

225 889 430 950 Crebrescunt
443 899 552 966 optatae
568 909 660 962 aurae,
677 899 839 968 portusque
853 891 979 968 patescit
1148 893 1208 953 550

222 981 292 1043 Jem
307 983 436 1063 propior,
452 983 652 1060 templumque
668 993 790 1061 apparet
804 984 835 1042 in
850 1001 920 1042 arce
934 983 1093 1045 Minervae.

222 1077 302 1136 Vela
315 1079 420 1156 legunt
433 1077 517 1148 socii,
534 1084 564 1134 et
579 1055 684 1154 primuli
697 1078 735 1136 ad
749 1077 848 1136 littora
860 1085 1009 1154 torquent.

222 1171 333 1240 Portus
348 1173 385 1230 ab
398 1171 501 1230 Euroo
515 1171 608 1230 ductu
622 1179 762 1230 curvatus
777 1171 806 1230 in
820 1191 944 1232 arcum:

223 1264 360 1342 Objectm
374 1263 456 1324 salsi
468 1273 605 1343 spumant
619 1265 777 1342 aspergine
792 1274 897 1325 cautes
912 1285 920 1323 ε

222 1356 291 1436 lpse
307 1359 402 1417 latet:
425 1359 544 1438 gemino
558 1358 712 1416 demittunt
732 1358 854 1418 brachia
868 1378 953 1418 muro
1147 1361 1206 1420 535

221 1451 338 1511 Turriti
351 1452 476 1529 scopuli,
491 1452 661 1530 refugitque
675 1453 712 1510 ab
726 1451 825 1510 littore
838 1452 988 1529 templum

263 1544 403 1612 Quatuor
416 1543 476 1616 hic,
493 1545 616 1622 primum
630 1563 735 1615 omen,
744 1552 838 1621 equos
851 1545 882 1603 in
895 1545 1030 1622 gramine
1043 1544 1103 1606 vidi
1198 1574 1207 1584 ·

222 1637 396 1696 Tondentes
410 1657 546 1716 campum
559 1638 630 1709 late,
647 1638 777 1696 candore
791 1638 891 1698 nivali.

222 1730 264 1790 Et
278 1739 362 1808 pater
375 1732 525 1790 Anchises
540 1751 547 1788 ι
569 1731 696 1802 Bellum,
713 1740 826 1790 eterra
839 1732 967 1809 bospite,
983 1740 1106 1810 portas:

221 1823 308 1883 Bello
323 1834 475 1884 armantur
489 1825 559 1902 equi
571 1844 579 1895 3
602 1824 713 1883 bellum
727 1824 792 1883 lraec
808 1833 943 1883 armenta
955 1826 1113 1885 minantur.
1146 1827 1207 1886 540

223 1917 283 1976 Sed
298 1926 399 1977 tamen
412 1917 492 1977 idem
505 1917 574 1976 olim
588 1937 678 1976 curru
693 1917 857 1976 succedere
870 1917 950 1979 sueti

223 2007 453 2092 Quadrupedes,
471 2021 500 2070 et
517 2011 612 2070 fraena
628 2011 702 2089 jugo
712 2010 879 2070 'concordia
891 2012 970 2070 serre
986 2029 994 2069 τ

224 2103 299 2180 Spes
314 2112 343 2162 et
358 2104 450 2182 pacis,
467 2105 517 2164 ait.
559 2104 638 2164 Tum
651 2104 772 2164 numina
786 2112 890 2164 sancta
904 2124 1062 2182 precamur

224 2197 357 2256 Palladis
372 2199 538 2270 armisonae,
555 2217 621 2274 quae
636 2198 730 2276 prima
746 2200 864 2276 accepit
877 2207 1001 2260 ovantes
1016 2219 1025 2270 3

223 2290 263 2350 Et
277 2291 378 2369 capita
391 2301 459 2351 ante
474 2312 543 2350 aras
555 2292 687 2370 Phrygio
701 2293 836 2351 velamur
850 2293 979 2352 amictu:
1147 2297 1205 2355 545

223 2384 448 2463 Praeceptisque
461 2385 585 2457 Heleni,
601 2385 723 2444 dederat
738 2405 805 2463 quae
818 2386 956 2457 maxima,
972 2385 1029 2445 rite

224 2475 335 2537 Junoni
353 2479 475 2557 Argiam
492 2479 593 2554 jussos
607 2478 758 2536 adolemus
772 2478 909 2537 honores.

262 2571 356 2630 Haud
371 2593 465 2647 mora,
480 2573 632 2645 continui,
650 2559 789 2650 perfectis
803 2572 906 2636 ordine
920 2572 1007 2646 votis,

226 2663 350 2724 Cornua
363 2667 528 2726 velatarum
542 2667 723 2726 obvertimus
736 2674 932 2724 antennarum
947 2684 956 2734 3

225 2756 489 2837 Grajugemimque
502 2760 615 2832 domos,
632 2766 830 2840 suspectaque
844 2758 1004 2834 linquimus
1017 2777 1099 2820 arva.
1146 2761 1206 2819 550

225 2849 306 2910 Hinc
321 2853 404 2910 sinus
417 2853 574 2924 Herculei,
590 2853 617 2911 si
631 2872 702 2912 vera
715 2863 761 2910 est
779 2852 868 2924 sama,
883 2853 1011 2912 Tarenti

226 2942 376 3006 Cernitur.
418 2945 535 3004 Attollit
548 2966 581 3004 se
595 2947 664 3005 diva
676 2945 805 3005 Lacinia
817 2947 934 3018 contri,

226 3035 430 3116 Caulonisque
445 3059 544 3111 arces,
557 3048 588 3098 et
605 3039 792 3118 navifragum
806 3041 994 3116 Scylaceum.

224 3129 302 3188 Tum
316 3133 419 3209 procul
434 3152 451 3190 e
465 3133 557 3192 fluctu
571 3133 730 3192 Trinacria
744 3135 877 3192 cernitur
888 3133 1007 3192 AEtna:

222 3223 264 3283 Et
281 3225 424 3300 gemitum
438 3227 588 3304 ingentem
601 3226 711 3304 pelagi,
728 3227 903 3302 pulsataque
917 3246 992 3285 saxa
1147 3227 1206 3286 555

222 3317 368 3376 Audimus
385 3318 485 3396 longi,
501 3318 672 3396 fractasque
687 3319 724 3377 ad
739 3317 839 3377 littora
852 3337 943 3398 voces
958 3337 967 3388 3

223 3409 443 3488 Exsultautque
458 3411 544 3484 vada,
560 3421 650 3487 atque
664 3419 737 3472 aestu
752 3412 914 3470 miscentur
927 3431 1037 3472 aream.

223 3502 264 3561 Et
284 3514 369 3581 pater
382 3506 531 3566 Anchises
546 3525 553 3563 :
576 3506 723 3565 Nimirum
736 3505 803 3564 haec
816 3505 867 3563 illa
881 3503 1074 3582 Charybdis:

225 3595 294 3655 Hos
306 3596 445 3658 Helenus
459 3599 606 3678 scopulos,
622 3599 689 3658 hsec
702 3618 775 3658 saxa
787 3598 936 3657 horrenda
949 3599 1086 3658 canebat.

223 3688 351 3767 Eripite,
368 3693 483 3765 osocii,
499 3694 670 3770 pariterque
685 3692 829 3770 insurgite
842 3692 943 3750 remis.
1147 3691 1207 3749 550

222 3775 317 3842 Haud
331 3783 427 3843 minias
441 3803 478 3844 ac
494 3785 571 3861 jussi
584 3786 695 3845 seciunt
710 3804 716 3844 :
739 3786 910 3862 primusque
923 3781 1079 3842 rudentem

224 3875 379 3936 Contorsit
395 3878 488 3938 ireres
502 3899 624 3956 proram·
633 3879 793 3937 Palinurus
808 3878 845 3934 ad
859 3874 952 3934 undas
968 3895 977 3945 ;

222 3969 346 4030 Lsevam
360 3979 470 4030 cuncta
485 3973 591 4032 cohors
604 3972 695 4030 remis
708 3971 863 4046 ventisque
878 3969 987 4046 petivit.

224 4062 371 4123 Tollimur
384 4066 414 4124 in
428 4067 538 4126 ooelum
552 4074 675 4124 curvato
689 4063 819 4143 gurgite,
833 4070 864 4120 et
877 4060 957 4120 idem

223 4156 380 4217 Subductis
393 4158 431 4216 ad
445 4159 553 4217 Manes
568 4160 642 4216 imos
655 4157 816 4216 desidimus
830 4153 919 4214 undis.
1147 4157 1206 4216 565

222 4249 284 4310 Ter
298 4252 415 4328 scopuli
429 4252 590 4311 clamorem
608 4251 685 4310 inter
698 4268 774 4308 cava
787 4269 861 4307 saxa
873 4243 983 4308 dedii-e
999 4266 1008 4318 3

221 4342 284 4403 Ter
298 4363 433 4422 spumam
446 4345 552 4405 elisam
565 4355 595 4405 et
607 4343 740 4406 rorantia
753 4343 877 4403 vidimus
891 4353 979 4402 astra.
