3167 5234
537 550 759 600 GEORGICON
783 553 854 601 LlB.
868 555 920 602 lll.

233 689 402 750 Frondrbus
416 689 540 750 hirsutis
554 699 582 750 et
597 691 697 751 carice
711 701 814 771 pastus
828 691 920 754 scotti
935 713 943 764 ;

233 785 274 844 Et
287 793 382 844 tentat
396 803 476 856 sese,
493 793 582 862 atque
598 786 687 845 irasci
701 787 731 846 in
745 807 861 846 cornua
874 787 971 860 discit,

233 878 357 938 Arboris
371 879 499 937 obnixus
520 888 636 951 trunco,
652 890 823 958 ventosque
831 881 954 940 lacessit

234 970 356 1044 lctibus,
373 980 403 1030 et
418 970 526 1050 sparsi
540 973 577 1030 ed
594 991 724 1052 pugnam
738 975 866 1052 proludit
880 971 984 1034 arensi.

231 1066 313 1138 Pdst,
330 1067 382 1125 ubi
400 1067 559 1126 collectum
571 1069 661 1126 robur
675 1069 815 1145 uiresque
828 1068 961 1140 refectas,
1161 1069 1221 1128 286

232 1160 324 1238 Signa
337 1168 447 1231 movet,
464 1179 658 1238 prmcepsqne
673 1162 797 1219 oblitum
810 1161 905 1219 fertum
917 1161 948 1220 in
961 1161 1078 1220 bostem
1093 1179 1101 1218 ι

231 1253 357 1312 Fluctus
372 1253 426 1324 uti,
441 1253 539 1310 medio
553 1253 644 1331 coepit
659 1273 749 1330 quum
763 1255 920 1312 albescere
934 1261 1024 1332 ponto

231 1345 376 1424 Longius,
393 1365 430 1404 ex
445 1345 565 1422 altoque
579 1348 676 1404 sinum
694 1347 784 1406 trahit
800 1366 808 1416 ;
834 1355 937 1424 utque,
953 1346 1072 1406 volutus

229 1439 277 1498 Ad
291 1447 399 1510 terres,
416 1427 543 1497 immenti
558 1448 644 1498 sonat
659 1457 810 1518 persana,
826 1459 925 1517 neque
938 1441 1003 1518 ipso

230 1532 334 1592 Monte
348 1533 443 1590 minor
455 1533 622 1610 procumbit
636 1553 644 1602 3
668 1541 698 1591 at
713 1533 772 1592 ima
784 1541 930 1592 exestuat
943 1533 1024 1592 unda
1159 1534 1219 1591 atu

230 1623 414 1698 Vorticibus,
430 1626 607 1703 nigrumque
622 1625 680 1684 alte
695 1625 842 1702 subjectat
856 1644 989 1684 arenam.

268 1719 363 1778 Omne
379 1717 454 1778 oded
469 1737 566 1797 genus
579 1719 609 1776 in
622 1719 710 1777 terris
724 1719 946 1795 hominumque,
962 1719 1165 1796 ferarumque,

227 1810 267 1870 Et
280 1831 378 1890 genus
392 1831 574 1888 aequoreum,
588 1811 728 1890 pecudes,
745 1811 893 1890 pictosque
907 1810 1056 1883 volucres,

227 1901 262 1960 In
276 1903 369 1961 furies
383 1903 543 1981 ignemque
559 1911 647 1962 ruunt
662 1921 670 1960 τ
693 1922 775 1961 emor
789 1904 926 1963 omnibus
938 1903 1026 1963 idem.

226 1996 376 2074 Tempore
390 2016 450 2054 non
464 1996 522 2054 alio
537 1997 703 2056 catulorum
715 1996 809 2055 oblita
821 1997 920 2055 leaena
1155 1999 1216 2058 ate

228 2089 340 2148 Saevior
355 2088 465 2146 erravit
479 2089 591 2167 campis
607 2107 614 2146 t
638 2107 694 2147 nec
708 2089 816 2146 lunera
828 2088 919 2168 uulgo

225 2181 303 2240 Tem
316 2183 409 2240 multa
423 2182 563 2241 informes
577 2183 640 2241 ursi
653 2191 843 2260 stragemque
857 2180 969 2242 dedere

224 2274 284 2334 Per
297 2275 389 2334 silvas
404 2294 411 2332 :
433 2282 497 2334 tum
509 2294 607 2334 saevus
622 2293 705 2354 aper,
719 2285 782 2335 tum
796 2275 926 2353 pessima
938 2274 1043 2354 tigrin

227 2369 300 2428 Heu
316 2373 323 2428 !
345 2369 422 2428 male
436 2377 498 2428 tum
511 2369 617 2446 Libya
631 2371 703 2428 solis
716 2378 835 2428 erratur
849 2370 879 2428 in
894 2370 986 2448 agris.

226 2463 334 2522 Nonne
349 2461 442 2534 vides,
458 2471 490 2522 ut
503 2471 568 2522 toto
579 2471 691 2520 tremor
704 2471 852 2540 pertentet
866 2481 1011 2539 equorum
1154 2465 1215 2522 250

225 2555 372 2634 Corpora,
382 2556 415 2630 ¹ei
433 2556 548 2615 tentum
560 2563 648 2614 notes
661 2556 735 2614 odor
749 2554 846 2614 attulit
860 2574 951 2613 auras
965 2554 977 2612 ?

223 2649 271 2708 Ac
284 2667 383 2725 neque
398 2667 450 2708 eos
466 2649 529 2725 jam
542 2649 637 2708 frene
650 2645 755 2720 virium,
772 2667 871 2725 neque
885 2650 1013 2708 verbere
1027 2667 1119 2722 aava,

224 2741 253 2800 N
255 2762 293 2800 on
306 2742 433 2820 scopuli,
449 2761 600 2820 rupesque
615 2761 708 2813 cevae,
727 2749 817 2819 atque
831 2741 950 2818 objecta
962 2742 1115 2802 retardent

223 2833 362 2894 Flumine
375 2843 529 2913 correptos
543 2835 622 2894 nodi
635 2835 806 2911 torquentis
819 2844 943 2894 montes.

224 2927 291 3005 Ipse
306 2928 365 2986 ruit
380 2928 544 3004 dentesque
559 2929 728 2986 Sabellicus
741 2928 861 2987 exacuit
874 2946 937 3000 sus,
1152 2931 1212 2988 955

222 3019 263 3079 Et
277 3020 353 3098 pede
367 3019 532 3098 prosubigit
545 3028 666 3092 terram,
683 3021 770 3080 fricet
785 3024 893 3080 arbore
907 3031 1017 3094 costas,

223 3114 323 3189 Atque
337 3112 407 3171 hinc
422 3121 512 3189 atque
527 3113 608 3172 illinc
622 3114 761 3172 humeros
775 3115 814 3172 ad
827 3115 952 3173 vulnere
964 3115 1062 3176 durat.

259 3205 341 3274 Quid
358 3197 488 3283 juvenis,
505 3226 646 3286 magnum
659 3207 709 3266 cui
722 3217 822 3266 versat
836 3209 867 3266 in
880 3209 999 3267 ossibus
1014 3209 1115 3288 ignem

220 3299 326 3359 Durus
341 3319 427 3358 emor
442 3299 453 3355 l
474 3319 580 3378 nempe
594 3301 728 3379 abruptis
741 3303 862 3359 turbata
874 3301 1014 3379 procellis

220 3393 318 3454 Nocte
333 3401 416 3452 netst
431 3393 516 3452 csend
529 3413 614 3453 serus
628 3395 704 3454 freta
718 3415 726 3466 3
750 3414 840 3472 quem
852 3415 942 3472 super
955 3394 1063 3473 ingena
1150 3397 1210 3454 260

220 3486 314 3545 Porta
331 3494 416 3545 tonat
431 3487 510 3558 omli,
526 3496 556 3545 et
571 3488 702 3566 scopulis
716 3488 793 3546 illisa
807 3489 972 3547 reclamant

219 3579 364 3656 AEquora
377 3599 385 3650 3
408 3599 466 3638 nec
479 3580 580 3638 miseri
593 3589 715 3658 possunt
729 3601 874 3640 revocare
889 3587 1039 3660 parentes,

220 3673 251 3731 N
253 3693 289 3730 ec
302 3673 446 3732 moritura
458 3673 548 3752 super
562 3675 676 3734 crudeli
689 3676 793 3734 funere
810 3676 905 3754 virgo.

261 3765 343 3832 Quid
362 3766 467 3844 lynces
480 3768 596 3826 Bacchi
610 3769 711 3840 vnriae,
728 3779 757 3828 et
771 3788 868 3846 genus
882 3787 954 3826 acre
968 3749 1117 3846 luporum}

219 3859 321 3935 Atque
336 3860 468 3918 canum?
491 3861 571 3939 quid,
588 3881 654 3938 quoe
668 3862 803 3919 imbelles
817 3861 888 3918 dant
902 3861 1009 3937 proelia
1023 3861 1130 3920 cerri?
1148 3864 1208 3922 265

136 3995 139 4004 .
221 3951 343 4010 Scilicet
358 3961 427 4011 ante
442 3973 544 4012 omnes
558 3955 641 4012 furor
654 3963 699 4012 est
714 3954 840 4032 insignis
854 3972 999 4030 equarum
1011 3973 1020 4024 ;

220 4043 262 4102 Et
275 4051 405 4112 mentem
416 4044 522 4105 Venus
536 4048 601 4125 ipsa
613 4047 704 4118 dedit,
722 4067 780 4123 quo
793 4055 927 4124 tempore
941 4046 1052 4107 Glauci

219 4135 383 4196 Potniades
403 4140 489 4198 malis
502 4143 635 4198 membra
650 4137 843 4218 absumpsdre
858 4141 1021 4221 quadriges.

220 4229 294 4289 Illas
311 4231 392 4290 ducit
406 4250 488 4292 umor
500 4243 583 4294 trans
596 4233 749 4312 Gargara,
764 4242 906 4311 transque
920 4245 1076 4298 sonantem

220 4321 383 4382 Ascanium
398 4344 406 4396 ;
430 4335 571 4405 superant
585 4333 710 4399 montes,
726 4333 755 4385 et
769 4327 891 4387 flumina
903 4337 1033 4391 tranant.
1147 4335 1206 4392 270
