3167 5234
553 540 730 589 mansues
749 541 820 589 sua.
834 542 913 589 vna
1168 550 1227 607 239

241 683 373 743 Dicetur
384 680 481 751 nobis,
496 686 528 739 et
540 680 598 738 erit
610 698 678 757 quas
691 680 819 739 maxima
831 698 957 758 semper.

244 778 350 845 Quare
364 774 455 854 agite,
470 793 490 831 o
498 773 636 849 juvenes,
650 780 800 833 tantarum
814 774 843 832 in
857 792 981 833 munere
994 774 1125 847 laudum,

243 870 367 948 cingite
379 867 485 927 fronde
499 886 611 939 comas,
626 874 657 926 et
671 866 778 945 pocula
791 868 908 946 porgite
921 868 1033 927 dextris
1046 888 1054 938 ;

243 962 623 1039 Communemque-vocate
637 961 735 1032 deum,
750 968 782 1019 et
796 961 865 1019 date
878 961 949 1019 vina
962 962 1103 1021 volentes.
1167 962 1232 1019 275·

283 1056 432 1115 Dixerat:
453 1052 612 1113 Herculei
624 1054 739 1113 bicolor
752 1072 843 1131 quum
856 1055 982 1132 populus
996 1054 1102 1115 umbria

242 1148 425 1227 Velavitque
439 1166 551 1219 comas,
567 1147 704 1224 foliisque
717 1148 828 1207 innexa
841 1148 988 1225 pependit,

242 1241 287 1301 Et
299 1262 388 1301 sacer
400 1240 531 1319 implevit
544 1241 678 1299 dextram
691 1240 831 1319 scyphus.
872 1240 966 1301 Ociits
979 1260 1082 1301 omnes

244 1334 283 1395 Iu
295 1354 428 1394 mensam
444 1334 506 1393 lasti
518 1334 621 1405 libant,
637 1334 780 1411 dirosque
794 1344 962 1412 precantur.

283 1428 411 1487 Devexo
424 1428 540 1487 interea
552 1428 673 1505 propior
685 1428 718 1485 lit
731 1426 850 1505 Vesper
864 1426 992 1506 Olympo
1007 1446 1015 1486 t
1167 1430 1227 1487 080

242 1521 374 1597 Jamque
384 1519 561 1579 secerdotes
574 1520 745 1597 primusque
757 1518 885 1578 Potitius
898 1521 990 1594 ibant,

242 1614 379 1674 Pellibus
392 1614 422 1671 in
434 1632 549 1673 morem
561 1613 661 1684 cincti,
678 1612 870 1690 llarnmasque
883 1614 1028 1673 ferebant.

244 1706 419 1767 Instaurant
431 1706 547 1783 epulas,
562 1713 592 1763 et
605 1724 716 1763 mensae
729 1716 818 1783 grata
831 1707 972 1765 secundas

243 1800 336 1860 Dona
348 1801 457 1872 lerunt,
474 1800 685 1876 cumulantque
698 1800 830 1858 oneratis
843 1799 979 1859 lancibus
995 1820 1073 1861 aras.

242 1893 324 1953 Tum
337 1893 462 1952 Saliiad
476 1900 592 1963 cantus,
608 1893 852 1951 incensanltarin
866 1892 990 1966 circum,
1167 1897 1225 1954 085

241 1987 386 2066 Populeis
398 1987 505 2045 adsunt
519 1986 629 2045 evincti
641 1993 775 2063 tempora
786 1981 878 2045 ralnis
891 2006 898 2057 3

243 2081 309 2141 Hic
317 2081 461 2157 juvenum
474 2079 594 2150 cborus,
609 2079 660 2137 ille
674 2098 788 2152 senum
806 2081 1002 2157 quicarmine
1016 2082 1121 2141 laudes

243 2174 418 2235 Herculeas
430 2180 461 2231 et
473 2172 553 2232 facta
567 2172 685 2231 lerunt:
707 2180 739 2231 ut
752 2173 848 2251 prima
862 2192 998 2233 novercas

243 2268 382 2327 Monstra
393 2286 483 2326 manu
496 2267 691 2344 geminosque
705 2284 843 2343 premens
857 2267 969 2326 eliserit
983 2286 1098 2347 angues
1111 2288 1119 2339 ;

242 2358 285 2421 Ut
297 2362 377 2419 bede
390 2360 531 2438 egregias
545 2360 623 2417 idem
636 2360 787 2436 disjecerit
802 2362 901 2431 urbes,
1166 2364 1226 2422 090

244 2453 438 2532 Troiamque,
453 2454 687 2530 OEcbnliamque
701 2472 709 2523 3
733 2462 766 2512 ut
779 2442 870 2512 duros
883 2454 962 2512 mille
975 2455 1094 2515 labores

243 2548 333 2627 Rege
346 2550 402 2607 sub
415 2547 597 2625 Eurystheo,
613 2546 680 2604 fatis
692 2546 822 2605 Junonis
836 2547 955 2623 iniquas,

242 2640 414 2700 Pertulerit.
453 2641 503 2699 Tu
515 2641 694 2718 nubigenas,
709 2640 830 2711 invicte,
846 2639 1022 2700 bimembres

243 2733 447 2812 Hylaeumque
460 2734 646 2811 Pholumque
660 2752 760 2804 manu,
777 2742 810 2791 tu
824 2732 933 2793 Cresia
946 2745 1060 2796 mactas
1081 2772 1084 2779 ι

242 2826 396 2906 Prodigia,
412 2836 441 2886 et
455 2835 571 2886 vastum
584 2824 703 2885 Nemed
715 2828 772 2885 sub
784 2846 859 2905 rupe
872 2828 997 2888 leonem.
1165 2835 1226 2893 295

242 2920 291 2979 Te
305 2921 402 3000 Stygii
413 2918 564 2981 tremuire
577 2921 674 2992 lacus,
689 2928 720 2978 te
730 2920 843 2996 janitor
855 2920 929 3005 Orci

243 3014 324 3074 Ossa
336 3034 427 3093 super
439 3017 590 3074 recubans
603 3017 688 3073 antro
701 3033 818 3073 semesa
832 3023 965 3076 cruento.

242 3106 311 3167 Nec
323 3116 355 3167 te
369 3109 437 3167 ullae
446 3108 551 3181 facies,
567 3128 626 3168 nos
638 3108 745 3166 terruit
757 3108 822 3185 ipse
835 3109 997 3187 Typbodus

242 3201 375 3273 Arduus,
392 3220 475 3260 arma
487 3211 613 3270 tenens;
636 3220 695 3259 nou
707 3209 738 3260 te
752 3201 876 3261 rationis
890 3212 1029 3281 egentem

241 3294 390 3355 lerneus
402 3294 492 3354 turbis
506 3296 636 3373 capitum
650 3296 845 3354 circumstetit
858 3297 975 3375 anguis.
1166 3302 1225 3359 300

242 3390 344 3462 Salve,
360 3408 433 3447 vera
445 3389 532 3448 Jovis
545 3376 654 3467 proles,
671 3388 764 3447 decus
778 3388 877 3447 addite
891 3389 987 3448 divis:

241 3482 284 3542 Et
296 3503 352 3541 nos
366 3491 395 3540 et
408 3492 461 3542 tua
474 3483 578 3541 dexter
591 3482 641 3541 adi
654 3483 729 3560 pede
742 3502 832 3541 sacra
845 3483 988 3543 secundo.
1093 3522 1094 3526 =

241 3575 333 3635 Talia
345 3576 526 3635 carminibus
539 3576 713 3634 celebrant:
735 3576 938 3653 superomnia
952 3575 1029 3635 Caci

243 3668 424 3746 Speluncam
437 3669 589 3745 adjiciunt,
606 3670 827 3746 spirantemque
842 3670 961 3746 ignibus
974 3669 1079 3745 ipsum.

243 3758 397 3821 consona
410 3781 497 3822 omne
511 3781 616 3821 nemus
629 3763 764 3841 strepitu,
780 3763 933 3839 collesque
948 3762 1099 3821 resultant.
1166 3764 1224 3821 006

279 3854 362 3913 Exin
373 3873 408 3913 se
421 3855 522 3914 cuncti
536 3855 643 3913 divinis
656 3856 747 3913 rebus
760 3854 799 3912 ad
814 3857 917 3912 urbem

241 3946 389 4007 Perfectis
401 3948 543 4009 referunt.
587 3949 653 4007 lbet
666 3968 721 4007 rex
734 3949 847 4006 obsitus
862 3966 936 4020 sevo,

240 4040 283 4100 Et
296 4042 434 4101 comitem
446 4044 570 4103 AEnean
580 4042 665 4120 juxti
678 4050 840 4119 natumque
853 4044 974 4101 tenebat

241 4132 429 4211 Ingrediens,
445 4138 588 4213 varioque
602 4137 680 4195 viaru
692 4154 829 4193 sermone
843 4136 970 4195 levabat.

239 4221 379 4300 Miratur,
395 4228 561 4307 facilesque
575 4230 679 4288 oculos
693 4230 750 4288 fert
764 4229 863 4287 omnia
880 4228 1004 4302 circum,
1163 4230 1223 4288 310

237 4319 371 4393 AEneas,
387 4322 561 4401 capiturque
574 4324 650 4383 locis
663 4342 671 4393 ;
695 4330 726 4382 at
738 4323 858 4402 singula
869 4323 955 4382 latus
