3167 5234
427 568 429 571 .
539 530 714 581 enerues
733 534 803 581 mn
818 534 864 583 rx.
1139 542 1199 601 25⁵

212 668 887 749 Omnispermoelegimnrtitnpericlum,

212 764 363 833 Excubat,
376 770 559 838 exercetque
573 763 666 835 vices,
681 764 761 839 quod
775 765 883 841 cuique
897 766 1039 826 tuendum
1052 774 1107 827 est
1142 768 1198 829 1⁷5
1306 744 1314 753 ’

251 858 346 918 Nisus
358 864 425 914 erut
439 864 532 933 porte
545 865 658 928 custos,
673 858 838 915 acerrimus
852 863 952 931 ermis,

212 951 398 1028 Hyrtacides
413 968 422 1019 3
446 950 584 1009 comioem
596 950 708 1010 AEueae
723 970 812 1028 quem
825 952 947 1011 miseret
961 952 1016 1013 Idu

213 1045 371 1115 venatrix,
381 1043 486 1120 jeculo
497 1044 630 1102 celerem
643 1044 817 1121 levibusque
832 1046 948 1124 sagittis
962 1065 969 1103 :

212 1138 252 1197 Et
262 1138 351 1214 juxti
364 1156 465 1195 comcs
477 1137 641 1213 Euryslus,
656 1156 717 1213 que
729 1139 881 1215 pulchrior
895 1140 971 1197 citer

213 1232 282 1291 lton
296 1230 351 1289 suit
363 1228 545 1301 AEueedtlm,
560 1230 693 1306 'heim
706 1250 805 1307 neque
818 1232 912 1291 induit
925 1250 1009 1293 arms
1023 1252 1031 1304 3
1143 1236 1199 1295 100

213 1325 277 1384 Ore
289 1344 365 1402 puer
377 1321 474 1401 primi
486 1323 610 1400 signans
624 1324 742 1383 istum
756 1325 891 1401 juventii.

214 1418 273 1477 His
286 1437 371 1475 emor
383 1436 461 1475 unus
473 1424 550 1486 eret,
565 1418 736 1493 perserque
750 1419 780 1475 in
796 1418 875 1477 belle
887 1422 1015 1479 ruebant
1030 1436 1039 1491 3

213 1510 293 1570 Tum
306 1528 426 1586 quoque
438 1510 588 1569 cummuni
600 1520 715 1587 portum
727 1512 854 1569 studens
867 1516 1019 1573 tenebunt.

214 1604 307 1663 Nisus
321 1604 362 1661 nit
375 1622 382 1659 ε
404 1601 485 1659 Dine
498 1603 579 1661 hunc
591 1603 728 1661 udonem
741 1604 891 1663 mentibus
903 1606 1027 1679 addunt,

213 1695 377 1773 Euryale?
399 1715 437 1753 en
451 1714 507 1753 sun
519 1696 629 1772 cuique
643 1696 717 1754 deus
733 1698 766 1755 fit
778 1698 844 1755 dire
858 1696 995 1774 cupido?
1143 1698 1199 1759 tet
1301 1727 1304 1733 ,
1409 1698 1412 1705 ’

215 1791 274 1849 Aut
288 1808 429 1868 pugnem,
443 1796 497 1847 sut
508 1789 621 1865 aliquid
630 1789 817 1865 jamdudum
831 1789 972 1847 invadere
986 1809 1126 1870 magnum

214 1883 302 1941 Mens
316 1883 409 1960 agitet
423 1882 495 1955 mihi
510 1901 518 1951 3
541 1901 599 1940 nec
611 1880 732 1959 plucidd
745 1890 886 1941 contente
901 1884 1000 1959 quiete
1015 1892 1072 1945 ut

215 1976 335 2047 Cernis,
351 1996 418 2053 quse
431 1975 562 2033 Rutulos
574 1974 686 2033 hubent
698 1975 809 2033 fiducie
822 1994 922 2034 rerum
937 1996 945 2033 ι

213 2069 341 2128 Lumine
354 2087 424 2127 rere
437 2068 548 2127 mesu
562 2088 571 2138 3
592 2086 699 2127 somno
712 2070 840 2145 vinoque
854 2071 963 2147 sepulti

214 2159 407 2221 Procubudre
420 2180 428 2231 3
450 2162 540 2220 silent
552 2161 612 2219 lete
625 2162 703 2220 loce.
743 2162 871 2239 Percipe
885 2162 985 2241 porrd,
1143 2166 1200 2223 190

216 2256 295 2323 Quid
309 2255 451 2326 dubitem,
466 2263 497 2313 et
511 2274 578 2331 qum
592 2274 671 2313 nunc
686 2255 785 2313 enimc
798 2256 948 2313 sententis
958 2262 1073 2334 surget.

215 2349 338 2407 AEnesn
349 2348 445 2406 acciri
457 2366 572 2418 omnes,
588 2348 774 2425 populusque
788 2356 949 2425 patresque

214 2443 399 2521 Exposcunt,
414 2443 548 2518 mittique
563 2442 653 2512 viros,
670 2442 721 2517 qui
736 2450 819 2500 certe
833 2449 994 2517 reportent

216 2538 247 2595 Si
258 2537 312 2594 tibi
327 2555 393 2612 quse
407 2554 500 2612 posce
513 2524 781 2612 promittuntfirnm
793 2534 865 2593 mihi
880 2534 952 2592 lecti

214 2628 308 2687 Ferus
322 2637 369 2687 set
382 2614 450 2725 θεῇς
471 2628 584 2686 tumulo
597 2615 846 2705 videcriieperire
861 2628 916 2687 sub
931 2626 982 2686 illc
1143 2628 1200 2689 tet

214 2720 307 2781 Posse
322 2722 400 2779 vium
415 2721 454 2778 sd
466 2738 567 2778 nurus
580 2731 611 2779 et
624 2720 736 2779 menis
753 2720 920 2779 Pallentes.

216 2816 384 2893 Obstupuit,
400 2834 509 2893 magno
522 2814 644 2873 leuduni
656 2833 818 2892 perctuqns
831 2830 944 2884 umore,

214 2908 366 2986 Euryalus
379 2928 388 2977 3
410 2909 497 2967 sinim
510 2908 558 2967 his
570 2908 725 2965 ardentem
739 2907 848 2965 effatur
861 2906 989 2965 amicum
1002 2924 1010 2964 ι

215 3000 304 3059 Mene
318 3002 409 3079 igitur
422 3002 538 3060 socium
547 3001 672 3063 mmmis
683 3000 849 3077 adjungere
862 3000 965 3071 rebus,

215 3094 298 3165 Nise,
314 3094 394 3173 sugis
409 3095 420 3151 ?
441 3095 536 3153 solum
549 3103 579 3152 te
593 3095 624 3151 in
637 3101 720 3151 tsnte
733 3093 868 3170 pericule
881 3092 995 3151 mittum
1011 3090 1022 3149 l
1140 3092 1200 3155 200

214 3188 282 3245 Non
295 3189 339 3245 its
351 3207 398 3245 me
412 3188 541 3265 genitor,
557 3187 643 3245 bellis
658 3194 808 3257 mustus,
825 3186 980 3263 Opheltes,

214 3280 387 3357 Argolicum
400 3289 546 3338 terrorem
558 3280 637 3338 inter
649 3280 810 3355 Trcjoeque
824 3279 942 3337 labores

193 3427 196 3434 ,
215 3372 369 3429 Sublstum
382 3372 489 3429 erudiit
505 3391 513 3439 3
536 3391 594 3431 nec
607 3379 707 3429 tecum
720 3371 898 3447 tatingem,

214 3464 437 3541 Magnanimum
450 3464 575 3523 AEnesn
589 3473 619 3523 et
632 3464 696 3523 fetu
708 3474 842 3523 extreme
854 3470 986 3521 secutus.

126 3577 131 3598 ³
212 3556 271 3615 Est
283 3557 343 3627 hic,
359 3565 404 3614 est
419 3558 534 3615 enimus
546 3558 624 3616 lucis
637 3565 833 3634 contemptor,
848 3565 878 3614 et
891 3556 980 3614 istum
1138 3556 1198 3615 20⁶

215 3649 277 3716 Qui
290 3648 352 3708 vitai
364 3652 443 3709 bene
454 3650 559 3709 credet
572 3651 642 3721 emi,
658 3650 718 3727 qud
731 3650 839 3721 tendis,
855 3650 1006 3707 honorem.

213 3741 306 3801 Nisus
319 3742 358 3800 sd
371 3743 437 3802 hec
452 3761 459 3799 :
481 3743 631 3819 Equidem
643 3743 681 3801 de
693 3752 724 3801 te
737 3743 779 3801 nil
792 3742 853 3800 tale
867 3743 1004 3811 verebar,

214 3834 281 3893 Nec
294 3834 340 3893 sus
355 3855 364 3905 3
386 3855 455 3894 non.
497 3835 546 3893 Its
557 3855 605 3893 me
618 3835 730 3893 reseret
742 3836 796 3893 tibi
811 3852 937 3912 mugnus
950 3840 1088 3893 ovantem

213 3928 341 4005 Jupiter,
357 3937 409 3988 eut
425 3930 605 4007 quicumque
618 3929 714 3986 oculis
726 3929 793 3987 hec
807 3927 933 4005 adspicit
947 3926 1050 4003 eequis.

212 4022 284 4093 Sed,
299 4024 325 4081 si
339 4023 406 4099 quis
421 4022 503 4099 (que
516 4024 609 4081 mults
622 4022 705 4081 vides
716 4021 887 4080 discrimine
902 4022 983 4100 teli)
1138 4022 1198 4083 21⁰

214 4114 246 4171 Si
262 4115 327 4190 quis
340 4116 370 4173 in
384 4116 542 4175 adversum
554 4116 652 4193 replet
664 4134 804 4182 casusve,
821 4114 944 4187 deusve,

212 4206 258 4264 Te
272 4226 432 4285 superesse
446 4211 534 4269 velim
549 4229 556 4268 :
577 4218 630 4269 tus
643 4207 705 4267 vitt
717 4208 833 4287 dignior
848 4216 930 4269 etis.

214 4298 269 4371 Sit,
285 4302 336 4377 qui
349 4320 397 4361 me
411 4312 528 4381 ruptum
543 4302 655 4382 pugni,
670 4304 803 4381 pretiove
816 4302 1010 4381 redemptum,
