3167 5234
558 546 735 596 mutuos
753 548 823 595 ΗΒ.
838 550 885 595 xl.

221 688 363 767 Armiger
377 685 447 746 sntd
460 686 536 755 l'uit3
560 686 613 743 ssd
628 705 687 744 non
701 685 838 745 felicibus
855 686 940 763 teque

222 784 300 843 Tum
313 800 415 841 comes
429 779 570 857 auspiciis
584 798 657 838 caro
670 779 758 837 ‹lttus
771 780 833 837 ibat
851 780 980 839 alumno.
1046 831 1050 843 .

222 876 346 937 cneum
359 893 462 934 omnes
476 871 677 950 lsmulirmque
691 892 808 945 manus,
824 874 1017 951 Trojsnaqus
1031 876 1130 948 turba,

222 968 416 1029 Etmoestum
430 966 541 1026 lliades
554 968 668 1025 crinem
681 966 719 1025 dc
732 986 815 1025 more
825 968 943 1035 solutae.
1173 972 1211 1029 35

222 1064 263 1123 Ut
278 1064 351 1127 verd
365 1064 486 1123 AEneas
500 1063 612 1123 loribus
627 1082 695 1122 sese
709 1064 806 1122 intulit
822 1063 899 1135 altis,

222 1156 379 1236 Ingentem
393 1154 536 1235 gemitum
546 1158 643 1215 tunsis
657 1156 696 1216 ad
708 1157 811 1215 sidera
823 1150 929 1217 tollunt

221 1251 411 1322 Pectoribus,
427 1258 593 1327 moestoque
607 1251 741 1329 immugit
754 1250 840 1329 regin
853 1252 946 1311 luctu.

221 1343 303 1422 lpse,
318 1353 408 1420 caput
422 1344 502 1401 nivei
515 1344 622 1402 l'ultum
634 1343 780 1402 Pallantis
799 1352 829 1402 et
842 1363 897 1403 ora

220 1436 261 1497 Ut
275 1436 357 1507 vidit,
373 1437 492 1513 levique
507 1446 613 1514 patens
625 1438 656 1493 in
671 1446 792 1513 pectore
807 1438 914 1496 vulnus

222 1529 366 1608 Cuspidis
378 1530 532 1601 Ausoniis,
548 1530 689 1605 lacrymis
703 1530 745 1587 ita
758 1529 837 1587 satur
850 1531 962 1589 obortis
977 1550 985 1588 :

259 1626 356 1696 Tene,
372 1624 477 1701 inquit,
493 1624 660 1682 miserande
674 1643 760 1700 puer,
778 1644 870 1699 quum
882 1626 952 1683 laets
965 1625 1090 1697 veniret,

221 1718 331 1778 Invidit
343 1718 479 1776 Fortuna
491 1718 571 1788 mihi,
590 1736 628 1775 nc
641 1735 737 1795 regnu
753 1716 871 1775 videres

220 1812 344 1882 Nostra,
360 1830 458 1887 neque
472 1810 510 1868 nd
524 1810 613 1869 sedes
627 1811 721 1868 victor
734 1810 880 1867 veherere
896 1819 1036 1887 paternas
1051 1811 1063 1868 i

140 1912 144 1922 '
220 1906 290 1965 Non
303 1906 370 1963 hmc
383 1904 525 1962 Evandro
540 1904 577 1961 de
592 1912 622 1961 te
636 1904 782 1980 promissa
796 1905 913 1981 parenti

220 1998 391 2057 Discedens
404 1996 557 2066 dederam,
574 2016 664 2073 quum
677 2016 725 2053 me
739 1998 911 2074 complexus
926 2005 1046 2057 euntem

221 2090 355 2151 Mitteret
370 2092 400 2149 iu
414 2110 554 2168 mugnum
567 2091 732 2167 imperium,
748 2100 944 2167 metuensque
958 2098 1092 2151 moneret

220 2185 320 2256 Aer-es
333 2204 401 2243 esse
416 2185 506 2253 viros,
522 2202 591 2243 cum
603 2182 680 2241 dura
694 2184 800 2260 proelia
814 2194 914 2262 gente.

220 2278 260 2337 Et
273 2298 355 2337 nunc
369 2278 419 2335 ille
434 2277 563 2353 quidem,
579 2296 633 2353 spa
646 2276 768 2335 multum
782 2286 888 2354 captus
903 2277 994 2349 inani,

219 2371 297 2432 Fors
311 2381 342 2429 et
356 2380 426 2429 vota
439 2370 523 2440 fecit,
537 2370 729 2445 cumulatque
743 2370 850 2428 nltsrie
864 2371 949 2429 donis
963 2390 970 2441 ;

220 2465 437 2542 Nosjuvencm
449 2463 630 2533 exanimum,
645 2470 675 2520 et
689 2462 730 2519 nil
739 2463 802 2537 jam
817 2464 990 2523 coelestibus
1003 2463 1072 2523 ullis

219 2558 401 2628 Debentem,
417 2576 495 2615 vano
508 2556 607 2614 moesti
621 2556 797 2614 comitamur
811 2557 933 2616 honore.

220 2650 337 2722 Infelix,
352 2650 414 2709 nati
427 2650 516 2708 funus
530 2648 654 2707 crudele
668 2648 783 2707 videbis
796 2652 802 2707 l

220 2744 264 2803 Hi
277 2744 372 2802 nostri
387 2742 512 2813 reditus,
524 2742 749 2819 exspectatique
763 2744 903 2821 triumphi
916 2748 924 2803 l

219 2838 300 2897 Haec
313 2856 382 2895 mea
394 2856 506 2913 magns
520 2836 595 2893 fides
612 2838 619 2893 !
641 2838 682 2893 At
696 2856 766 2907 non,
782 2837 937 2909 Evandro,
955 2838 1099 2915 pudendis

218 2931 404 2991 Vulneribus
418 2930 536 3007 pulsum
550 2929 699 3006 adspicies
712 2949 720 3000 ;
744 2950 802 2988 nec
817 2932 927 3008 sospite
941 2932 1038 2990 dirum

221 3025 348 3101 Optabis
362 3032 431 3083 usto
445 3024 534 3083 funus
547 3030 642 3100 pater.
685 3024 748 3081 Hei
761 3024 833 3081 mihi
847 3029 853 3081 !
877 3038 1020 3100 quantum

219 3119 406 3190 Praesidium,
422 3118 571 3188 Ausonio,
588 3126 617 3175 et
633 3127 774 3192 quantum
788 3128 819 3177 tu
839 3120 949 3197 perdis,
966 3121 1031 3179 Iule
1046 3124 1053 3179 l

257 3214 340 3272 Haec
354 3212 405 3271 ubi
417 3211 548 3281 deflevit,
564 3210 629 3269 tolli
642 3211 812 3270 miserabile
827 3234 936 3291 corpus

219 3308 363 3385 Imperat,
379 3314 409 3364 et
422 3314 485 3363 toto
498 3305 594 3362 lectos
607 3324 644 3361 ox
658 3306 777 3383 agmine
790 3307 878 3366 mittit

219 3400 304 3460 Mille
320 3400 410 3469 viros,
427 3399 479 3474 qni
493 3416 663 3474 supremum
677 3399 854 3459 comitentur
868 3401 1022 3472 honorem,

220 3494 423 3569 Intersintqne
440 3493 531 3570 patris
545 3493 709 3569 lacrymis:
733 3496 840 3553 solutis
857 3494 956 3555 luctfis

219 3588 341 3663 Exigua
353 3585 494 3663 ingentis,
508 3586 618 3644 misero
632 3586 686 3644 sed
700 3586 800 3645 debita
815 3590 899 3665 patri.

219 3678 315 3739 Haud
329 3697 439 3756 segnes
453 3679 505 3737 alii
518 3687 618 3737 cretes
631 3688 661 3737 et
674 3681 762 3737 mollo
776 3681 919 3739 feretrum

220 3772 367 3833 Arbuteis
380 3780 483 3832 texunt
497 3772 590 3849 virgis
604 3780 634 3829 et
649 3773 757 3831 vimine
773 3793 898 3848 querno,

220 3867 461 3941 Exstructosque
475 3875 557 3924 toros
571 3866 694 3923 obtentu
709 3866 821 3925 fraudis
836 3866 1012 3927 inumbrant.

220 3959 286 4017 Hic
296 3959 438 4035 juvenem
453 3958 567 4036 agresti
579 3958 735 4016 sublimem
749 3960 890 4017 stramine
906 3967 1037 4037 ponunt:

221 4052 353 4122 Qualem
368 4052 503 4129 virgineo
517 4051 684 4109 demessum
699 4051 805 4128 pollice
820 4052 934 4125 florem,

222 4146 281 4204 Seu
296 4145 393 4203 mollis
407 4146 504 4215 violas,
520 4164 573 4202 seu
588 4144 760 4221 languentis
774 4145 938 4222 hyacinthi,

223 4238 284 4299 Cui
298 4257 397 4314 neque
412 4238 511 4315 fulgor
525 4237 633 4309 adhuc,
649 4238 788 4295 necdum
803 4260 859 4297 sus
872 4240 967 4299 forms
980 4242 1106 4303 recessit
1121 4262 1130 4313 ς
1173 4244 1212 4301 70

111 4403 114 4408 y
222 4331 293 4391 Non
303 4331 368 4407 jam
380 4339 477 4390 mater
490 4331 541 4389 alit
554 4332 654 4404 tellus,
669 4332 809 4409 viresque
825 4334 979 4395 ministrat.
