3167 5234
344 549 382 606 ,ς
448 615 456 624 δ
633 543 661 591 r.
680 543 851 592 vraernrr
866 545 1041 600 minorum

384 682 518 743 Alternis
532 683 611 744 idem
623 692 728 744 tonsae
741 705 865 745 cessare
878 688 1013 762 novales,
1030 732 1032 735 -

344 777 386 838 Et
400 797 525 858 segnem
545 776 659 858 patiere
675 779 733 839 situ
747 780 912 840 durescere
926 801 1086 863 campum3

343 874 407 934 Aut
427 873 468 933 ihi
481 874 560 934 flare
574 893 669 945 seres,
685 880 800 934 mutato
813 874 923 948 sidere,
940 876 1032 950 ferra,

344 967 431 1028 Unde
446 969 529 1048 pribs
542 968 644 1028 lartum
657 966 768 1046 siliquis
783 978 945 1046 quassante
959 971 1112 1050 legumen,

344 1064 406 1124 Aut
424 1071 531 1123 tenues
545 1063 636 1123 scetus
649 1063 746 1134 viciae,
762 1063 917 1141 tristisque
931 1065 1024 1144 lupini
1305 1066 1344 1125 ⁷5

345 1159 510 1218 sustuleris
524 1157 647 1237 fragiles
662 1158 793 1217 calamos
808 1158 974 1236 silvamque
988 1167 1146 1222 sonantem
1158 1177 1168 1220 t

344 1252 411 1314 Urit
425 1255 505 1313 enim
517 1254 570 1313 lini
584 1271 723 1333 campum
736 1273 837 1332 seges,
855 1255 912 1312 urit
931 1273 1046 1328 arenae,

344 1349 442 1410 Urunt
454 1350 581 1410 lethaeo
596 1350 717 1429 perfusa
732 1368 885 1428 papavera
897 1369 1011 1411 somno.

344 1443 404 1504 Sed
418 1452 519 1504 temen
534 1445 658 1504 alternis
672 1445 770 1503 facilis
784 1445 871 1503 labor
884 1463 892 1515 3
916 1445 1002 1504 arida
1012 1442 1131 1505 tantiam

343 1538 373 1599 N
375 1559 392 1598 e
407 1548 545 1599 saturare
560 1539 629 1618 timo
643 1539 747 1618 pingui
761 1539 872 1617 pudeat
885 1539 960 1612 sola,
976 1558 1054 1600 uere

343 1631 473 1694 Effoetos
488 1634 621 1692 cinerem
639 1632 822 1692 immundum
837 1633 957 1709 jactare
970 1653 1026 1713 per
1038 1651 1140 1713 agros.

345 1727 396 1788 Sic
411 1746 529 1806 quoque
544 1727 664 1786 mutetis
678 1729 873 1803 requiescunt
887 1727 1009 1787 foetibus
1022 1745 1119 1801 ωας

345 1820 416 1882 Nec
430 1822 513 1881 nulla
527 1821 644 1880 interea
657 1829 703 1880 est
717 1821 843 1881 inaratae
856 1822 956 1900 gratia
967 1829 1068 1882 terrm.
1102 1873 1105 1881 .

384 1915 471 1994 Saepd
487 1916 578 1975 etiem
590 1916 709 1975 steriles
724 1916 885 1975 incendere
896 1915 1008 1995 profuit
1023 1935 1126 1996 agros,

344 2013 445 2090 Atque
460 2012 558 2070 levem
571 2010 711 2088 stipulam
725 2011 941 2088 crepitantibus
954 2029 1044 2071 urere
1058 2009 1185 2072 flammis
1199 2031 1207 2072 ε

345 2105 415 2166 Sive
430 2104 498 2163 inde
513 2105 649 2164 occultas
663 2105 743 2162 vires
757 2111 787 2163 et
802 2105 913 2184 pabula
924 2113 1015 2164 terrae

343 2200 474 2280 Pinguia
487 2202 658 2280 concipiunt
674 2221 683 2272 ;
706 2201 769 2260 sive
783 2201 842 2260 illis
856 2219 943 2260 omne
958 2201 1128 2281 perignem

343 2295 533 2374 Excoquitur
546 2295 659 2368 vitium,
677 2303 767 2373 atque
781 2295 907 2354 exsudat
921 2296 1033 2354 inutilis
1046 2296 1154 2354 humor
1167 2311 1176 2367 3

344 2391 405 2450 Seu
420 2391 522 2468 plures
535 2391 619 2448 calor
633 2389 683 2447 ille
698 2390 762 2448 vius
776 2399 807 2447 et
821 2408 905 2448 eaeea
918 2389 1034 2448 relaxat

345 2485 544 2564 Spirementa,
560 2503 654 2543 novas
669 2484 768 2543 veniat
785 2484 844 2562 qui
858 2503 969 2543 succus
990 2485 1020 2543 in
1033 2484 1146 2544 herbas
1162 2503 1171 2556 ;

345 2581 407 2640 Seu
420 2578 507 2638 durat
522 2577 629 2657 magis,
646 2585 675 2636 et
690 2597 784 2637 venas
799 2578 937 2657 astringit
950 2578 1069 2638 hiantes
1085 2597 1093 2648 ;

344 2674 374 2735 N
377 2694 394 2734 e
408 2681 516 2734 tenues
530 2675 648 2751 plurim,
664 2674 799 2750 rapidive
814 2674 946 2752 potentia
960 2674 1032 2733 selis

344 2770 465 2842 Acrior,
482 2777 534 2828 aut
551 2769 659 2828 Boreae
675 2767 860 2847 penetrabile
874 2769 969 2850 frigus
984 2769 1101 2829 adurat.

344 2863 475 2924 Multum
487 2862 576 2935 aded,
593 2863 698 2922 restris
713 2863 819 2942 glebas
834 2864 884 2940 qui
898 2864 1009 2944 frangit
1023 2865 1145 2933 inertes,

344 2957 560 3035 vimineasque
574 2957 664 3017 trahit
679 2965 789 3029 crates,
806 2958 892 3034 juvat
907 2978 980 3018 arra
995 2979 1002 3029 ;
1025 2977 1125 3036 neque
1141 2955 1225 3017 illum

344 3051 443 3112 Flave
456 3051 555 3112 Ceres
571 3052 632 3111 alto
647 3051 849 3128 nequidquam
863 3061 979 3131 spectat
993 3052 1122 3131 Olympo
1135 3071 1143 3123 ;

344 3147 386 3208 Et
402 3145 462 3224 qui,
479 3146 629 3224 proscisso
645 3165 711 3224 quae
726 3146 851 3205 suscitat
866 3166 988 3223 aequore
1001 3155 1100 3225 terga,

345 3240 466 3302 Rursus
483 3241 514 3298 iu
528 3239 681 3316 obliquum
694 3259 781 3299 verso
796 3241 958 3318 perrumpit
973 3251 1084 3313 aratro,

344 3333 539 3411 Exercetque
554 3333 696 3411 frequens
709 3333 859 3406 tellurem,
876 3345 967 3411 atque
982 3334 1108 3414 imperat
1122 3331 1212 3392 arvis.

384 3431 520 3491 Humida
533 3430 660 3489 solstitia
674 3438 765 3507 atque
778 3429 893 3489 hiemes
907 3438 992 3489 orate
1006 3449 1142 3505 serenas,
1286 3433 1342 3492 ¹00

345 3523 498 3604 Agricola
515 3544 523 3595 ;
547 3523 672 3583 hiberno
686 3523 839 3582 laetissima
853 3524 975 3601 pulvere
991 3523 1082 3596 farra,

344 3617 449 3680 Laetus
464 3637 539 3698 eger
555 3638 563 3689 3
586 3618 669 3677 nullo
682 3617 799 3676 tantiuu
818 3637 851 3676 se
864 3617 967 3696 Mysia
981 3619 1063 3677 cultu

344 3713 458 3785 Jectet,
475 3722 504 3774 et
518 3715 585 3791 ipsa
599 3731 671 3772 sues
686 3712 833 3771 mirantur
846 3711 990 3790 Gargara
1003 3730 1128 3772 messes.

386 3808 466 3883 Quid
481 3809 590 3881 dicam,
602 3809 687 3886 jacto
701 3807 752 3886 qui
766 3807 879 3866 semine
894 3808 1059 3867 comminus
1073 3827 1147 3868 aava

347 3901 529 3980 Insequitur,
546 3904 741 3980 cumulosque
755 3901 814 3962 ruit
827 3901 905 3961 meld
920 3901 1039 3981 pinguis
1053 3919 1177 3971 arenae3
1285 3902 1340 3960 105

345 3995 466 4057 Deinde
481 3997 553 4056 setis
567 3997 690 4057 fluvium
704 3996 817 4055 inducit
829 3997 972 4074 rivosque
986 4003 1149 4073 sequentes
1162 4013 1171 4064 ;

345 4091 398 4162 Et,
415 4109 506 4167 quum
519 4099 642 4149 exumus
658 4109 732 4170 ager
745 4091 940 4150 morientibus
954 4099 1062 4152 aestuat
1080 4088 1192 4164 herbis,

345 4185 432 4244 Ecce
446 4183 607 4262 supercilio
622 4184 726 4242 clivosi
738 4185 865 4242 tremitis
880 4183 990 4244 undam

346 4275 439 4337 Elicit
455 4277 467 4333 i
493 4277 545 4336 illa
558 4275 669 4336 cadens
682 4296 810 4336 raucum
823 4297 877 4356 per
889 4277 968 4337 levia
982 4294 1116 4335 murmur

348 4371 429 4432 Saxa
443 4371 513 4446 ciet,
529 4371 737 4449 scatebrisque
752 4373 869 4432 arentia
881 4378 1028 4449 temperat
1042 4389 1126 4430 arva.
1285 4370 1341 4429 110
