3167 5234
417 536 427 557 '
548 562 880 615 musmosusm.
988 606 994 624 .
1145 576 1205 635 ³1³

212 704 286 766 Fert
300 704 412 782 aquila,
428 704 631 783 implicuitque
642 706 748 784 pedes,
763 714 856 784 etque
868 708 1020 785 imgnibus
1031 708 1141 780 bosit3
1202 694 1209 714 ⁹

213 800 342 859 Saucius
357 806 387 856 st
400 818 525 875 serpens
540 799 662 857 sinuosa
675 800 825 859 volumina
839 809 951 873 versat,

211 894 407 970 Arrectisque
421 893 523 950 horret
537 894 680 969 squamis,
695 902 726 952 et
740 895 839 953 sibilet
852 915 916 967 ore,

210 988 333 1047 Arduus
347 987 507 1065 insurgens
521 1005 529 1057 ;
553 987 605 1045 illa
619 988 698 1045 haud
712 989 810 1047 minius
823 998 911 1068 urget
924 991 1042 1051 moneo
1145 994 1203 1053 756

209 1079 391 1140 Luctantem
404 1088 501 1138 rostro
516 1098 524 1150 ς
548 1080 635 1139 simul
650 1082 763 1141 (ethera
777 1084 917 1141 verberet
931 1084 1008 1143 alis:

152 1215 157 1234 .
209 1174 302 1233 Haud
318 1175 405 1233 aliter
418 1173 549 1252 prmdem
563 1174 723 1235 Tiburtum
737 1196 774 1235 ex
788 1178 907 1256 agmine
921 1177 1044 1239 Tarcho

207 1268 314 1327 Portet
327 1286 430 1327 ovans.
472 1268 570 1326 Ducis
584 1271 751 1348 exemplum
764 1280 964 1348 eventumque
977 1274 1076 1333 secuti

208 1362 367 1421 Maeonides
382 1362 548 1421 incurrunt.
588 1362 668 1421 Tum
684 1364 752 1422 fetis
765 1364 884 1423 debitus
897 1368 1015 1425 Amans

206 1452 353 1514 Velocem
370 1456 473 1532 jaculo
486 1466 517 1515 et
531 1454 625 1515 multi
638 1458 719 1534 prior
733 1465 798 1516 arte
812 1457 974 1519 Camillam
1142 1462 1201 1523 760

207 1546 336 1621 Circuit,
351 1556 382 1607 et
397 1570 464 1626 quse
479 1552 517 1609 sit
531 1550 650 1609 fortuna
663 1551 805 1609 facillima
817 1560 922 1611 tentet.

205 1640 279 1716 Qud
292 1662 325 1702 se
340 1662 467 1721 cumque
483 1644 585 1703 furens
600 1645 697 1703 medio
710 1646 779 1704 tulit
794 1646 914 1724 agmine
927 1647 1023 1726 virgo,

204 1734 278 1796 Heu
292 1736 413 1797 Arruns
427 1738 516 1811 subit,
533 1746 563 1796 et
577 1739 687 1797 tacitus
704 1739 829 1817 vestigia
843 1740 968 1797 lustret:

204 1829 277 1899 Qut
291 1832 397 1891 victrix
411 1832 488 1891 redit
502 1833 564 1904 illa,
581 1834 745 1910 pedemque
760 1852 798 1891 ex
812 1834 897 1893 hoste
912 1841 1056 1911 reportat,

203 1922 276 1984 nte
293 1925 413 2001 juvenis
427 1926 527 1984 lirrtim
542 1927 658 1985 celeres
672 1926 829 2004 detorquet
843 1929 987 1988 hebenus.
1137 1931 1197 1989 765

203 2017 272 2077 Hos
288 2018 396 2091 editus,
408 2020 532 2096 jamque
546 2020 601 2077 hos
614 2020 723 2092 editus,
739 2040 917 2097 omnemque
932 2028 1068 2100 pererret

202 2110 342 2189 Undique
357 2113 525 2185 circuitum,
542 2121 700 2173 etcertum
715 2115 808 2191 quetit
821 2116 974 2192 improbus
987 2116 1115 2176 hastam.
1234 2116 1240 2126 ’

239 2205 334 2265 Forte
349 2226 438 2265 sacer
452 2207 578 2285 Cybelae
593 2207 754 2279 Chloreus,
771 2208 901 2284 olimque
915 2208 1069 2282 sacerdos,

202 2299 333 2379 Insignis
347 2299 436 2378 longe
451 2300 592 2379 Phrygiis
606 2301 740 2379 fulgebat
753 2302 783 2359 in
801 2302 891 2360 armis
907 2318 922 2371 ζ

202 2390 454 2471 Spumantemque
470 2395 603 2471 agitabat
618 2412 738 2472 equum,
756 2414 843 2471 quem
857 2394 944 2472 pelhs
956 2395 1062 2456 ahenis
1134 2396 1194 2456 770

201 2484 237 2545 ln
251 2488 380 2564 plumam
394 2488 526 2563 squamis
540 2506 615 2546 auro
629 2497 769 2547 conserta
781 2489 914 2565 tegebat.

200 2577 282 2657 Ipse,
298 2579 460 2657 peregrini
473 2581 626 2658 ferrugine
641 2582 741 2639 clarus
755 2588 785 2638 et
799 2588 892 2653 ostro,

200 2673 322 2751 Spicula
336 2675 496 2751 torquebat
509 2674 606 2752 Lycio
620 2674 769 2751 Gortynis
782 2694 876 2733 cornu
890 2694 898 2744 ;

198 2767 320 2826 Aureus
334 2786 372 2825 ex
385 2767 517 2825 humeris
531 2776 618 2825 sonat
632 2786 731 2839 arcus,
748 2776 778 2827 et
792 2786 887 2827 aurea
900 2768 961 2827 veti

199 2852 350 2931 Cassida3
374 2867 436 2919 tum
452 2880 591 2919 croceam
605 2861 852 2939 chlamydemque
866 2862 1011 2940 sinusque
1031 2872 1190 2944 crepantes

198 2952 373 3014 Carbaseos
387 2954 468 3013 solvo
483 2955 511 3011 in
526 2954 635 3013 nodum
650 2955 815 3033 collegerat
828 2973 913 3028 auro,
1131 2961 1189 3016 776

197 3044 303 3105 Pictus
317 3066 375 3105 ceu
389 3048 517 3117 tunicas,
534 3055 564 3105 et
578 3049 707 3105 barbara
719 3049 854 3126 tegmina
867 3070 998 3111 crurum.

178 3192 182 3204 ,
196 3138 290 3199 Ηιιιιιι
306 3141 401 3219 virgo,
418 3142 480 3200 sive
497 3149 527 3201 ut
540 3143 658 3219 templis
672 3144 842 3222 prefigeret
856 3165 941 3205 arma

198 3230 301 3305 Trois,
319 3236 436 3313 captiuo
450 3234 514 3293 sive
529 3244 560 3294 ut
575 3256 608 3295 se
622 3236 713 3296 ferret
728 3239 757 3296 in
772 3256 847 3297 euro

195 3324 354 3401 venatrix,
370 3348 461 3387 unum
475 3348 512 3387 ex
525 3330 604 3389 omni
619 3332 781 3391 certsmine
796 3353 905 3413 pugnae
1129 3338 1189 3395 780

195 3419 292 3480 Caeca
305 3424 487 3499 sequebatur
501 3442 508 3493 ;
532 3430 686 3500 totumque
700 3424 823 3483 incente
837 3445 891 3503 per
904 3444 1013 3505 agmen

193 3513 352 3574 Foemineo
367 3516 475 3594 praedoe
490 3524 520 3575 et
534 3518 694 3594 spoliorum
709 3518 834 3576 ardebat
848 3538 960 3580 amore.

194 3606 305 3667 Telum
316 3628 355 3667 ex
370 3609 484 3669 insidiis
499 3630 589 3687 quum
602 3611 722 3669 tandem
736 3620 869 3690 tempore
883 3622 970 3691 cepto

192 3701 347 3774 Concitet,
363 3714 393 3761 et
408 3704 540 3781 Superos
554 3706 671 3763 Arruns
686 3705 730 3763 sic
744 3724 820 3763 voce
834 3715 996 3783 precatur:

193 3796 314 3855 Summe
329 3795 426 3870 delini,
443 3798 540 3857 saneti
554 3806 656 3857 eustos
671 3799 806 3857 Soractis
820 3799 938 3876 Apollo,
1126 3802 1185 3861 706

192 3889 292 3958 Quem
306 3891 391 3968 primi
406 3892 540 3961 colimus,
557 3893 606 3950 eui
621 3892 726 3971 pineus
741 3892 831 3951 ardor
843 3912 954 3951 acervo

189 3982 340 4056 Pascitur,
357 3992 387 4043 et
401 3984 529 4043 medium
543 3984 611 4045 freti
626 3980 736 4063 pietate
751 3986 919 4063 perignem

190 4076 332 4136 Cultores
346 4078 440 4138 multi
454 4080 613 4157 premimus
628 4080 756 4157 vestigio
769 4078 888 4157 prunb3

187 4169 249 4241 Da,
265 4170 368 4242 Peter,
384 4171 441 4230 hoc
456 4174 565 4231 nostris
581 4172 694 4231 aboleri
708 4172 841 4231 dedecus
854 4172 955 4246 mmis,
1140 4248 1144 4254 g

187 4262 392 4342 Omnipotens.
436 4266 503 4324 Non
520 4267 654 4337 exuvias,
673 4266 964 4346 pulsavetropoeum
1121 4274 1181 4331 790

185 4354 331 4435 Virginis,
350 4366 400 4417 aut
413 4360 509 4437 spolia
522 4360 584 4418 ulla
597 4367 674 4438 peto.
717 4358 795 4419 Mihi
808 4370 920 4421 caetere
932 4362 1052 4425 laudem

541 4458 581 4513 et
935 4474 980 4516 ιιιι
