3167 5234
340 567 398 625 Μ
477 568 480 579 ·
638 560 666 608 Ρ,
678 560 843 609 VIRGILH
862 561 1031 609 Maaoms

378 699 507 758 Dixerat
519 700 649 759 AEneas.
691 699 805 774 Ilisos,
822 702 985 779 oculosque
999 698 1148 777 loquentis

339 794 409 855 Jam
422 796 542 868 dudum,
557 804 587 854 et
600 802 694 855 totum
707 796 854 855 lustrabat
868 796 978 855 lumine
993 814 1111 873 corpus.

339 889 419 949 Tum
432 892 478 949 aic
491 909 590 969 pauca
601 890 693 947 refert
706 909 714 947 :
734 890 775 948 Ut
788 899 830 962 te,
847 890 1005 949 fortissime
1019 884 1183 961 Teucrdm‚

339 986 465 1063 Accipio
478 1005 671 1065 agnoscoque
684 986 782 1043 iibens
795 989 802 1043 !
824 994 856 1044 ut
869 988 962 1044 verba
976 983 1108 1062 parentis
1268 984 1323 1041 155

338 1078 380 1140 Et
393 1099 497 1137 vocem
510 1080 652 1137 Anchisae
662 1080 769 1157 ,magni
783 1079 956 1155 vultumque
970 1077 1113 1137 recordor
1125 1079 1132 1135 1

338 1173 368 1231 N
371 1192 417 1231 am
431 1172 550 1231 memini
563 1172 709 1231 Hesionae
723 1172 867 1231 visentem
881 1190 976 1249 regna
989 1170 1100 1230 sororis

338 1264 613 1325 Laomedontiaden
627 1265 789 1336 Priamum,
807 1265 959 1323 Salamine
972 1272 1131 1342 petentem,

338 1356 485 1417 Protenus
498 1358 639 1417 Arcadiae
653 1358 768 1436 gelidos
781 1358 911 1416 invisere
922 1358 1006 1417 fines,

337 1450 417 1509 Tum
431 1451 501 1509 mihi
514 1452 609 1529 prima
621 1470 718 1529 genas
730 1452 859 1510 vestibat
873 1451 946 1509 flore
964 1452 1089 1526 juventa
1102 1469 1110 1521 3
1267 1450 1322 1507 160

338 1544 534 1620 Mirabarque
548 1544 640 1603 duces
653 1544 802 1616 Teucros,
819 1544 950 1603 mirabar
963 1554 992 1602 et
1007 1543 1103 1621 ipsum

338 1636 630 1695 Laomedontiaden:
654 1637 707 1695 sed
723 1638 840 1696 cunctis
854 1638 942 1695 altior
956 1638 1016 1695 ihat

338 1731 495 1789 Anchises.
537 1731 614 1789 Mihi
626 1749 711 1790 mens
727 1731 863 1807 juvenali
877 1731 1001 1789 ardebat
1016 1748 1116 1788 amore

257 1870 260 1875 .
338 1822 530 1902 Compellare
545 1824 652 1894 virum,
668 1833 697 1882 et
711 1824 824 1883 dextrae
839 1825 1022 1903 conjungere
1036 1824 1190 1881 dextram:

338 1918 474 1988 Accessi,
491 1926 521 1975 ct
534 1917 661 1995 cupidus
675 1916 790 1977 Phenei
804 1920 859 1977 suh
874 1918 985 1975 moenia
998 1917 1078 1975 duxi.
1269 1916 1322 1973 165

338 2008 393 2067 ille
405 2010 476 2068 mihi
490 2011 638 2088 insignem
651 2011 821 2087 pharetram
834 2009 1006 2087 Lyciasque
1021 2010 1156 2087 sagittas,

336 2102 519 2176 Discedens,
535 2104 783 2180 chlamydemque
798 2124 871 2163 euro
886 2103 966 2162 dedit
980 2104 1178 2175 intertextam,

336 2195 507 2273 Frenaque
522 2198 602 2268 bina,
620 2216 703 2269 meus
718 2216 785 2273 quse
800 2216 879 2255 nunc
893 2198 994 2268 hahet,
1011 2214 1114 2267 aurea,
1129 2196 1241 2255 Pallas.

336 2288 421 2367 Ergo
434 2299 475 2361 et,
492 2308 581 2366 quam
595 2291 704 2367 petitis,
716 2290 823 2365 juncta
836 2298 882 2348 est
896 2290 965 2349 mihi
979 2290 1093 2349 fodero
1106 2288 1212 2347 dextra
1225 2307 1235 2347 t

335 2381 387 2453 Et,
403 2383 454 2441 iux
469 2402 559 2459 quum
574 2383 699 2460 primirm
712 2383 801 2441 terris
816 2403 848 2441 se
864 2382 996 2442 crastiua
1009 2382 1124 2453 reddet,
1267 2386 1322 2443 170

336 2474 458 2534 Auxilio
472 2476 557 2535 laetos
571 2476 725 2548 dimittam,
742 2477 908 2555 opibusque
923 2477 1045 2552 juvabo.

336 2567 459 2627 Interea
471 2590 560 2629 sacra
574 2570 650 2642 haec,
667 2570 786 2646 quando
800 2572 859 2627 huc
874 2570 996 2627 venistis
1011 2569 1109 2641 amici,

336 2663 456 2735 Annua,
473 2683 540 2739 quie
557 2663 676 2721 differre
690 2664 786 2735 nefas,
803 2664 955 2721 celebrate
970 2663 1105 2721 faventes

336 2756 512 2828 Nobiscum,
529 2756 632 2835 etjam
646 2776 725 2815 nunc
740 2757 889 2815 sociorum
904 2756 1069 2813 assuescite
1084 2755 1203 2816 mensa.

375 2849 456 2909 Haec
469 2850 520 2907 ubi
533 2850 623 2921 dicta,
640 2849 733 2927 dapes
742 2850 829 2925 jubet
843 2857 872 2907 et
887 2850 1005 2907 sublata
1018 2849 1122 2926 reponi
1266 2852 1319 2909 1¹15

335 2942 461 3013 Pocula,
477 2942 691 3019 gramineoque
706 2942 786 3000 viros
801 2943 879 2999 locat
895 2942 957 3019 ipse
972 2941 1079 3010 sedili;

336 3036 585 3113 Praecipuumque
599 3044 664 3093 toro
678 3044 708 3092 et
721 3036 818 3093 villosi
833 3036 910 3113 pelle
924 3036 1019 3093 leonis

336 3128 454 3208 Accipit
466 3128 601 3199 AEnean‚
618 3129 752 3206 solioque
767 3129 871 3187 invitat
886 3147 1005 3188 acerno.

335 3221 416 3280 Tum
429 3222 500 3279 lecti
509 3221 637 3297 juvenes
651 3223 787 3279 certatim
802 3242 923 3300 araeque
938 3224 1080 3281 sacerdos

335 3313 465 3373 Viscera
480 3323 559 3373 tosta
573 3315 671 3373 ferunt
685 3323 849 3387 taurorum,
866 3325 1052 3392 onerantque
1067 3316 1205 3377 canistris
1266 3322 1321 3379 180

335 3406 425 3467 Dona
437 3409 579 3466 laboratae
594 3407 729 3478 Cereris,
744 3408 959 3485 Bacchumque
973 3410 1147 3470 ministrant.

335 3501 478 3559 Vescitur
490 3502 620 3572 AEneas,
637 3502 722 3560 simul
736 3511 766 3560 et
779 3503 912 3579 Trojana
921 3504 1074 3579 juventus,

333 3596 477 3674 Perpetui
490 3603 576 3673 tergo
589 3597 674 3653 boris
687 3604 717 3653 et
730 3596 904 3656 lustralibus
918 3598 1003 3656 extis.

373 3689 536 3766 Postquam
550 3698 689 3766 exempta
702 3690 806 3761 sames,
823 3700 852 3748 et
867 3710 950 3750 amor
964 3710 1153 3769 compressus
1166 3690 1284 3767 edendi,

334 3786 402 3845 Rex
415 3785 576 3843 Evandrus
590 3786 651 3843 ait:
675 3785 743 3843 Non
756 3785 823 3844 haec
837 3786 981 3844 solemnia
995 3788 1090 3859 nobis,
1264 3788 1317 3847 185

333 3878 402 3937 Has
416 3897 453 3935 ex
467 3896 549 3936 more
563 3877 665 3955 dapes,
682 3878 760 3937 hanc
773 3880 847 3937 tanti
865 3879 992 3937 numinis
1006 3898 1099 3951 aram,

284 4028 288 4040 ,
332 3970 424 4029 Vana
436 3971 607 4047 superstitio
621 3981 815 4049 veterumque
829 3974 935 4051 ignara
949 3972 1073 4032 deorum

334 4062 500 4141 Imposuit:
522 4065 620 4135 asevis,
636 4065 745 4142 hospes
763 4066 907 4142 Trojane‚
923 4067 1043 4143 periclis

334 4157 450 4215 Servati
465 4158 600 4230 iacimus,
617 4160 797 4236 meritosque
812 4180 955 4219 novamus
969 4161 1107 4220 honores.

332 4249 402 4310 Jam
416 4252 540 4329 primirm
553 4255 633 4312 saxis
647 4274 822 4333 suspensam
838 4257 915 4315 hanc
930 4257 1050 4333 adspice
1064 4273 1170 4334 rupem
1184 4273 1193 4327 ς
1262 4255 1316 4314 190

332 4344 477 4424 Disjectae
491 4347 595 4424 procul
610 4356 641 4406 ut
656 4349 760 4421 moles,
776 4350 956 4427 desertaque
973 4348 1080 4407 montis
