3167 5234
381 547 441 606 29⁶
668 541 695 587 r.
714 536 881 585 virumn
905 536 1077 586 Minurus

382 682 471 741 Tunc
484 680 620 763 geminas
633 686 744 749 vestes,
760 694 894 755 auroque
910 686 1050 753 ostroque
1064 677 1208 755 rigentes,

381 776 497 835 Extulit
510 775 641 845 AEneas‚
657 791 733 850 quas
747 772 790 829 illi
804 772 873 831 lata
886 771 1020 829 laborum

382 869 454 947 Ipsa
466 866 529 929 suls
546 867 694 945 quondam
707 866 843 925 manibus
857 864 978 923 Sidonia
992 864 1073 923 Dido

380 962 521 1035 Fecerat,
538 972 568 1021 et
581 961 663 1020 tenui
676 960 753 1018 telas
766 959 950 1017 discreverat
969 976 1052 1017 auro.

382 1056 503 1116 Harum
516 1076 605 1114 unam
615 1053 719 1131 juveni
732 1068 902 1131 supremum
916 1061 1041 1112 moestus
1054 1052 1196 1113 honorem

382 1148 492 1221 Induit,
509 1160 694 1226 arsurasque
705 1166 808 1207 comas
821 1147 944 1205 obnubit
961 1147 1070 1205 amictu
1084 1165 1092 1203 :

381 1240 538 1319 Multaque
552 1251 700 1319 praeterea
712 1241 875 1299 Laurentis
888 1241 1011 1317 premia
1025 1258 1133 1318 pugnae

381 1336 529 1419 Aggerat
545 1343 575 1393 et
588 1336 678 1413 longo
691 1334 821 1411 praedam
831 1335 917 1410 jubet
930 1334 1033 1391 ordine
1052 1333 1130 1393 duci.

381 1429 472 1487 Addit
486 1448 581 1505 equos
595 1438 625 1487 et
638 1420 710 1499 tela,
727 1429 834 1504 quibus
848 1427 1028 1505 spoliaverat
1047 1428 1170 1486 hostem.
1329 1430 1370 1488 80

381 1521 529 1580 Vinxerat
542 1531 572 1579 et
588 1530 653 1599 post
666 1530 754 1598 terga
767 1538 883 1591 manus,
900 1540 974 1596 quos
988 1521 1118 1579 mitteret
1132 1520 1244 1579 umbria

382 1614 521 1686 Inferias,
535 1634 615 1674 caeso
629 1634 788 1693 sparsuros
802 1616 948 1693 sanguine
966 1616 1132 1673 flammam:

382 1709 565 1787 Indutosque
576 1712 661 1786 jubet
674 1720 798 1769 truncos
811 1710 966 1769 hostilibus
984 1710 1074 1768 armis

383 1802 470 1881 Ipsos
483 1804 561 1862 serre
575 1804 679 1873 duces,
694 1803 874 1881 inimicaque
888 1804 1007 1862 nomina
1022 1804 1084 1881 figi.

381 1896 512 1957 Ducitur
525 1898 627 1957 infelix
641 1916 705 1956 oero
719 1898 874 1957 confectus
888 1899 1022 1969 Acoetes,
1330 1896 1369 1957 bd

381 1990 512 2051 Pectora
524 2010 604 2049 nunc
618 1991 734 2051 soedans
748 1992 865 2069 pugnis,
882 2010 961 2049 nunc
976 1992 1126 2069 unguibus
1140 2006 1214 2049 orat

382 2084 531 2144 Sternitur
543 2092 574 2143 et
586 2092 648 2142 toto
662 2084 813 2161 projectus
826 2104 951 2161 corpore
962 2093 1061 2143 terre.

381 2176 505 2236 Ducunt
519 2186 549 2235 et
563 2178 677 2236 Rutulo
691 2179 827 2255 perfusos
841 2179 987 2255 sanguine
1002 2196 1117 2237 currus.

382 2269 455 2329 Pdst
468 2272 595 2330 bellator
609 2290 714 2347 equus,
732 2273 834 2349 positis
848 2273 1022 2350 insignibus,
1037 2270 1154 2329 AEthon

382 2363 411 2422 It
423 2364 601 2441 lacrymans,
618 2366 769 2442 guttisque
784 2366 935 2423 humectat
949 2365 1112 2443 grandibus
1126 2382 1189 2425 ora.
1330 2366 1370 2423 90

382 2456 513 2517 Hastam
526 2458 578 2516 alii
590 2459 769 2536 galeamque
782 2459 880 2518 serunt
896 2478 903 2528 ;
926 2478 996 2517 nam
1009 2466 1121 2517 caetera
1132 2458 1258 2517 Turnus

382 2551 488 2612 Victor
501 2554 599 2614 habet.
641 2555 719 2613 Tum
732 2564 841 2613 moesta
855 2555 982 2631 phalanx
1003 2554 1176 2629 Teucrique
1190 2559 1366 2629 sequuntur,

381 2645 592 2723 Tyrrhenique
606 2647 709 2719 duces,
725 2657 755 2705 et
769 2647 865 2706 versia
879 2647 1014 2705 Arcades
1029 2648 1128 2706 armis.

381 2737 546 2815 Postquam
559 2740 654 2797 omnis
667 2741 756 2816 longe
770 2742 910 2799 comitum
924 2750 1111 2819 processerat
1126 2740 1209 2812 ordo,

382 2832 518 2890 Substitit
533 2830 658 2904 AEneas,
675 2834 846 2910 gemituque
861 2835 926 2892 haec
942 2834 1051 2892 addidit
1066 2835 1125 2891 alto
1140 2852 1147 2890 ε
1329 2832 1367 2891 96

380 2926 448 2985 Nos
461 2928 536 2984 alias
548 2927 617 2984 hinc
631 2927 669 2985 ad
683 2929 833 3005 lacrymas
847 2929 951 2987 eadem
964 2928 1084 2987 horrida
1103 2929 1173 2987 belli

380 3017 461 3077 Fata
473 3026 590 3077 vocant.
632 3023 721 3079 Salve
735 3022 879 3081 teternhm
894 3024 974 3093 mihi,
991 3023 1117 3080 maxime
1131 3022 1228 3094 Palla,

381 3110 603 3187 AEternhmque
617 3114 694 3172 vale.
736 3115 765 3171 N
768 3134 804 3173 ec
819 3116 904 3193 plura
918 3116 1035 3186 effatus,
1053 3115 1090 3173 ad
1105 3115 1180 3174 altos

381 3205 539 3264 Tendebat
552 3225 663 3276 muros,
679 3192 876 3285 gressumque
891 3210 920 3267 in
935 3218 1034 3267 castra
1049 3210 1173 3268 ferebat.

420 3301 549 3379 Jamque
563 3312 697 3361 oratores
712 3304 836 3362 aderant
850 3324 887 3362 ex
901 3307 974 3364 urhe
989 3303 1110 3377 Latind,
1315 3304 1370 3363 100

380 3394 484 3456 Velati
496 3398 589 3456 ramis
601 3399 687 3471 oleat,
702 3400 880 3478 veniamque
893 3409 1035 3477 rogantes
1051 3420 1057 3458 ε

382 3488 531 3568 Corpora,
547 3511 601 3569 per
613 3511 736 3570 campos
749 3492 829 3551 ferro
844 3514 910 3570 quae
925 3494 990 3552 susa
1001 3495 1155 3570 jacebant,

381 3582 545 3656 Redderet,
561 3605 598 3643 ac
611 3586 724 3643 tumulo
737 3587 848 3645 sineret
862 3588 1027 3645 succedere
1041 3599 1131 3645 terrae
1146 3606 1155 3658 ;

380 3676 504 3738 Nullum
517 3698 585 3737 curn
599 3680 685 3737 victis
697 3689 848 3739 certamen
862 3688 891 3737 et
906 3682 1016 3739 aethere
1032 3682 1146 3751 cassis;

379 3766 525 3830 Parceret
540 3773 705 3849 hospitibus
719 3774 867 3850 quondam
881 3775 1054 3851 socerisque
1068 3774 1191 3834 vocatis.
1312 3772 1368 3833 tob

381 3861 467 3930 Quos
481 3867 577 3924 bonus
590 3866 720 3937 AEneas,
735 3866 816 3924 baud
831 3866 1017 3944 aspernanda
1032 3876 1200 3945 precantes,

379 3952 576 4034 Prosequitur
589 3958 689 4030 venii,
705 3967 735 4017 et
748 3960 849 4017 verbis
862 3960 927 4017 hmo
941 3960 1062 4037 insuper
1077 3959 1157 4018 addit
1170 3978 1177 4017 :

420 4049 569 4115 Quasnam
582 4070 635 4109 vos
648 4060 731 4111 tanto
744 4052 881 4111 Fortuna
895 4052 1025 4131 indigna,
1042 4052 1154 4125 Latini,

381 4139 528 4217 Implicuit
541 4144 630 4216 bello,
647 4146 698 4221 qui
711 4165 766 4204 nos
779 4146 901 4225 fugiatis
915 4148 1027 4205 amicos
1041 4147 1052 4203 l

380 4232 493 4293 Pacem
505 4254 553 4293 me
567 4238 711 4297 exanimis
724 4248 754 4297 et
766 4240 875 4298 Martis
889 4249 968 4299 sorte
983 4242 1143 4319 peremptis
1311 4240 1368 4299 rto

381 4324 483 4386 Oratis
498 4347 507 4399 3
530 4329 669 4406 equidem
682 4340 712 4391 et
726 4332 801 4392 rivis
815 4334 982 4393 concedere
998 4334 1114 4395 vellem.
