3167 5234
380 538 422 595 40
680 531 708 579 r.
721 531 885 581 visorum
904 532 1074 581 aaronis

422 650 644 731 Idcirco⁴o⁰ertis
657 669 822 731 dimensum
839 672 973 751 partibus
986 673 1089 731 orbem

382 761 443 821 Per
455 762 592 822 duodena
604 764 682 842 regit
694 764 796 823 mundi
809 765 853 823 sol
868 784 977 825 aureus
991 773 1082 825 astra.

384 854 524 933 Quinque
537 864 639 914 tenent
652 858 762 916 coslum
774 876 859 917 zonae
876 877 885 928 ;
909 878 1034 936 quarum
1047 878 1107 917 una
1120 877 1247 919 corusco

383 948 507 1026 Semper
519 950 582 1007 sole
596 952 717 1022 rubens,
733 961 763 1009 et
776 951 889 1011 torrida
901 970 1019 1030 semper
1032 954 1070 1010 ab
1085 952 1148 1031 igni
1161 971 1169 1009 t

383 1039 484 1109 Quam
496 1040 609 1101 circum
623 1051 761 1102 extremm
775 1043 881 1103 dextri
894 1043 1030 1122 laevaque
1043 1044 1211 1119 trahuntur,
1304 1050 1365 1109 aab

382 1131 526 1193 Caerulei
538 1135 637 1212 glacie
651 1144 800 1194 concretae
815 1144 903 1214 atque
918 1137 1061 1197 imbribus
1075 1138 1168 1197 atris:

381 1223 451 1283 Hos
469 1224 546 1283 inter
559 1226 756 1303 mediamque,
771 1228 839 1287 dum
853 1229 1025 1289 mortalibus
1040 1230 1128 1308 aegris

381 1316 509 1377 Munere
523 1339 676 1380 concessae
690 1318 790 1379 diutim
805 1342 813 1393 ;
837 1323 886 1381 via
898 1331 982 1381 secta
996 1342 1049 1401 per
1063 1325 1177 1397 ambas,

381 1408 528 1487 Obliquus
544 1411 604 1490 qui
617 1432 651 1472 se
665 1414 816 1493 signorum
830 1424 959 1475 verteret
973 1416 1055 1476 ordo.

379 1501 522 1575 Mundus,
539 1514 570 1563 ut
584 1505 620 1563 ud
635 1507 789 1583 Scythiam
802 1508 1003 1587 Rhipaeasque
1018 1510 1129 1594 arduus
1143 1530 1230 1571 arces
1304 1517 1364 1575 uto
1446 1542 1451 1551 ·

382 1595 555 1675 Consurgit,
572 1600 713 1676 premitur
725 1600 831 1679 Libyae
845 1602 977 1661 devexus
990 1602 1021 1661 in
1035 1610 1162 1665 austros.
1572 1604 1573 1689 i

381 1687 445 1747 Hic
459 1698 560 1749 vertex
573 1692 658 1749 nobis
672 1711 790 1771 semper
802 1695 937 1753 sublimis
953 1714 960 1753 :
983 1704 1013 1755 at
1028 1696 1110 1757 illum
1169 1763 1172 1771 Ι

382 1780 443 1839 Sub
458 1782 582 1859 pedibus
596 1785 669 1861 Styx
684 1795 750 1844 atra
763 1785 853 1858 videt,
868 1787 1035 1865 Manesque
1050 1790 1195 1867 profundi

380 1872 530 1934 Maximus
543 1875 592 1935 bic
607 1877 685 1937 flexu
699 1879 819 1939 sinuoso
833 1881 960 1940 elabitur
974 1884 1091 1962 Anguis

381 1964 516 2039 Circum,
532 1988 645 2048 perque
660 1972 734 2031 duas
748 1972 777 2031 in
791 1993 903 2035 morem
917 1976 1044 2035 fluminis
1058 1978 1178 2052 Arctos,
1305 1982 1363 2043 246

380 2058 491 2118 Arctos
504 2063 610 2121 oceani
623 2074 788 2123 metuentes
803 2086 923 2143 aequore
936 2069 1020 2148 tingi.

379 2149 457 2224 Illic,
473 2163 504 2212 nt
525 2155 690 2231 perbibent,
707 2166 758 2217 aut
772 2159 948 2239 intempesta
962 2162 1029 2220 silet
1043 2182 1102 2223 nox

380 2244 504 2322 Semper
517 2254 547 2305 et
561 2248 683 2308 obtentui
696 2249 857 2310 densantur
870 2262 958 2312 nocte
972 2258 1104 2317 tenebrae
1120 2277 1129 2329 ;

379 2336 441 2394 Aut
454 2338 530 2397 redit
544 2358 562 2397 a
576 2342 660 2399 nobis
674 2343 804 2416 Aurora,
820 2345 957 2423 diemque
971 2348 1087 2407 reducit
1103 2369 1113 2420 ;

379 2428 503 2506 Nosque
518 2432 569 2490 ubi
586 2433 696 2510 primus
712 2437 798 2513 equis
812 2438 921 2497 Oriens
935 2440 1046 2501 afflavit
1061 2442 1185 2517 anhelis,
1304 2449 1364 2507 250

380 2519 447 2582 Illic
460 2544 529 2583 sora
541 2528 653 2585 rubens
666 2529 804 2588 accendit
818 2531 929 2591 lumina
942 2533 1070 2613 Vesper.

379 2613 463 2673 Hinc
479 2624 671 2695 tempestates
684 2622 774 2679 dubio
789 2625 968 2700 praediscere
984 2629 1061 2687 coelo

379 2707 553 2781 Possumus,
569 2712 638 2770 binc
651 2715 818 2792 messisque
833 2716 920 2789 diem,
935 2728 1112 2800 tempusque
1126 2724 1245 2784 serendi
1259 2744 1268 2797 ς

379 2800 421 2859 Et
436 2802 553 2877 quando
567 2804 688 2863 infidum
701 2808 792 2866 remis
807 2808 958 2888 impellere
973 2833 1101 2874 marmor

380 2892 547 2953 Conveniat
563 2914 571 2966 3
595 2900 711 2974 quando
731 2910 862 2961 armatas
876 2905 1024 2965 deducere
1039 2908 1163 2983 classes,
1304 2914 1362 2971 255

378 2988 439 3045 Aut
453 2990 657 3065 tempestivam
670 2992 751 3051 silvis
766 3005 902 3056 evertere
917 2998 1025 3076 pinum.

417 3080 447 3138 N
449 3100 485 3139 ec
499 3081 609 3141 frustra
623 3084 776 3163 signorum
790 3090 887 3148 obitus
902 3094 1093 3168 speculamur
1105 3103 1135 3155 et
1148 3104 1241 3170 ortua

377 3171 635 3251 Temporibusque
649 3197 751 3253 parem
763 3180 889 3241 diversis
904 3195 1031 3259 quatuor
1044 3206 1163 3251 annum.

377 3263 518 3343 Frigidus
532 3268 695 3345 agricolam
709 3271 735 3329 si
749 3274 867 3351 quando
881 3278 1011 3337 continet
1025 3281 1129 3354 imber,

376 3356 484 3429 Multa,
501 3360 597 3419 forent
612 3382 677 3439 quae
693 3384 760 3424 mox
774 3368 851 3426 coelo
865 3372 1052 3448 properanda
1067 3394 1183 3449 sereno,
1302 3380 1363 3437 960

376 3448 531 3510 Maturare
546 3453 634 3513 datur
650 3474 657 3512 ε
680 3456 785 3516 durum
800 3462 934 3537 procudit
949 3474 1050 3524 arator

376 3541 514 3603 Vomeris
528 3547 626 3605 obtusi
639 3549 757 3609 dentem
772 3572 780 3621 ;
806 3564 891 3613 cavat
913 3559 1020 3617 arbore
1034 3560 1137 3619 lintres
1152 3580 1161 3631 3

376 3635 436 3694 Aut
451 3638 552 3714 pecori
565 3640 691 3718 signum,
708 3652 759 3701 aut
773 3664 912 3707 numeros
927 3649 1073 3729 impressit
1087 3654 1213 3715 acervis.

376 3728 535 3791 Exacuunt
549 3733 600 3791 alii
614 3735 708 3793 vallos
721 3737 882 3817 furcasque
898 3743 1047 3819 bicornes,

374 3820 474 3901 Atque
488 3827 630 3886 Amerina
644 3839 748 3907 parant
763 3832 851 3891 lentae
865 3836 1031 3897 retinacula
1045 3840 1105 3900 viti.
1299 3846 1359 3903 265

375 3914 465 3975 Nunc
478 3918 574 3977 facilis
588 3921 682 3982 rubei
694 3932 814 3984 texatur
829 3927 933 3988 fiscina
947 3930 1034 4009 virgei
1049 3952 1057 4003 3

375 4006 405 4065 N
407 4028 465 4067 unc
478 4018 589 4070 torrete
602 4015 664 4091 igni
677 4017 790 4096 fruges,
806 4040 885 4080 nuuc
899 4022 1027 4102 frangite
1042 4046 1122 4087 saxo.

415 4100 534 4179 Quippe
547 4106 637 4163 etiam
651 4108 733 4169 sestis
749 4114 885 4188 quaedam
899 4135 1041 4176 exercerc
1056 4119 1161 4181 diebus

374 4191 437 4251 Fas
450 4207 480 4253 et
489 4194 560 4271 jura
574 4198 672 4257 sinunt
687 4220 694 4258 t
717 4204 796 4263 rivos
810 4207 959 4267 deducere
974 4210 1056 4267 nulla

374 4286 495 4367 Religio
509 4292 611 4365 vetuit,
627 4296 723 4374 segeti
736 4301 920 4375 praetendere
936 4323 1047 4381 sepem,
