3167 5234
549 568 728 618 manthos
747 571 819 618 ΗΒ.
833 572 863 618 V.

212 708 307 770 Haud
320 708 380 767 alio
392 704 546 767 Teucrtim
559 708 621 766 nati
634 708 763 787 vestigia
774 728 866 767 cursu

214 802 394 881 Impediunt,
409 809 573 878 texuntque
587 801 676 879 fugas
689 810 720 859 et
734 802 841 880 proelia
855 801 925 861 ludo
938 822 947 873 ;

212 895 396 974 Delphinum
410 894 532 966 similes,
550 892 600 971 qui
614 915 668 973 per
682 896 776 954 maria
788 896 911 955 humida
923 896 1021 955 nando

214 988 412 1068 carpathium
424 988 633 1066 Libycumque
646 998 761 1061 secant,
776 989 941 1067 luduntque
954 1009 1007 1068 per
1021 988 1124 1050 undas.
1141 992 1200 1050 595

212 1082 307 1143 Hunc
321 1102 444 1154 momm,
460 1084 515 1140 hoa
529 1102 646 1155 cursus,
662 1092 752 1160 atque
765 1084 832 1143 haeo
847 1084 1012 1143 certamina
1025 1084 1136 1163 primus

212 1177 376 1248 Ascanius,
390 1175 529 1254 Longam
542 1177 635 1235 muris
649 1196 741 1253 quum
752 1178 887 1256 cingeret
900 1178 1018 1249 Albam,

213 1270 341 1341 Retulit,
357 1278 388 1328 et
400 1268 516 1348 priscos
529 1270 630 1329 docuit
643 1271 799 1329 celebrare
814 1270 950 1343 Latinos,

214 1362 284 1432 Quo
297 1383 373 1441 puer
385 1363 449 1441 ipse
462 1362 560 1435 modo,
576 1383 680 1422 secum
694 1384 752 1441 quo
766 1364 861 1423 Troia
875 1368 978 1443 pubes.
1086 1426 1099 1461 Ι

213 1456 326 1515 Albani
339 1455 470 1516 docuere
483 1477 554 1515 suos
567 1476 576 1526 ;
600 1458 670 1515 hinc
682 1458 811 1516 maxima
824 1458 912 1536 porrd
1143 1460 1202 1518 600

214 1549 344 1628 Accepit
356 1550 466 1623 Roma
482 1560 512 1609 et
526 1552 652 1629 patrium
665 1552 795 1610 servavit
809 1553 952 1611 honorem
966 1572 975 1623 ;

214 1642 368 1720 Trojaque
381 1664 472 1716 nunc,
488 1644 574 1722 pueri
586 1645 749 1721 Trojanum
762 1645 871 1703 dicitur
884 1664 1001 1723 agmen.
1047 1682 1050 1699 .

214 1736 287 1797 Hie
301 1738 457 1797 celebrata
468 1747 557 1797 tenus
570 1748 676 1798 sancto
689 1740 855 1797 certamina
868 1739 955 1816 patri.

253 1832 319 1892 Hic
333 1834 458 1912 primiun
471 1834 606 1894 Fortuna
619 1833 707 1893 fidem
721 1842 834 1893 mutata
847 1834 976 1893 novavit.

213 1926 297 1986 Dum
309 1928 401 1986 variis
414 1928 529 1987 tumulo
541 1929 674 1987 referunt
688 1927 833 1987 solemnia
846 1927 933 1999 ludis,
1144 1930 1201 1987 605

215 2019 286 2079 Irim
301 2021 339 2079 de
353 2023 432 2081 coelo
445 2022 524 2080 misit
538 2022 678 2081 Saturnia
690 2022 771 2080 Juno

215 2114 341 2173 Iliacam
355 2115 393 2172 ad
407 2115 546 2187 classem,
563 2122 725 2192 ventosque
740 2114 870 2193 adspirat
884 2114 976 2187 eunti,

214 2208 313 2268 Multa
326 2229 460 2281 movens,
476 2210 603 2267 necdum
617 2208 771 2286 antiquum
785 2217 919 2268 saturata
934 2208 1074 2269 dolorem,

217 2300 283 2372 Illa,
299 2302 379 2361 riam
393 2303 530 2361 celerans
544 2320 598 2379 per
611 2303 690 2360 mille
705 2301 856 2361 coloribus
871 2320 983 2374 meum,

215 2394 300 2455 Nulli
313 2396 388 2467 visa,
404 2395 464 2454 cito
477 2396 609 2454 decurrit
623 2396 741 2454 tramite
755 2396 850 2475 virgo.
1145 2398 1203 2455 610

217 2488 372 2567 Conspicit
386 2489 536 2569 ingentem
550 2508 741 2561 concursum,
757 2497 787 2547 et
801 2490 900 2548 littora
914 2490 1031 2562 lustrat,

216 2581 423 2660 Desertosque
437 2583 517 2642 videt
530 2592 633 2661 portus
647 2584 834 2660 classemque
849 2583 991 2644 relictam.

255 2675 297 2735 Aa
311 2677 415 2754 procul
428 2677 459 2736 in
472 2676 539 2735 solti
551 2684 677 2736 secrete
690 2674 828 2735 Troades
843 2674 925 2734 actia¹

217 2770 369 2829 Amissum
382 2771 535 2829 Anchisen
549 2771 670 2842 flebant,
686 2778 864 2846 cunctaeque
879 2768 1055 2852 profundum

216 2862 344 2923 Pontum
358 2863 573 2942 adspectabant
589 2864 713 2923 flentes:
756 2863 850 2923 Heu!
872 2872 914 2921 tot
929 2864 1007 2922 vada
1019 2864 1106 2923 fessis
1145 2864 1202 2922 615

216 2956 256 3015 Et
268 2966 384 3017 tantum
397 2978 555 3036 superesse
569 2959 679 3017 maris!
701 2976 758 3017 vox
772 2957 909 3017 omnihus
922 2976 990 3017 una.

216 3050 328 3109 Urbem
342 3060 428 3110 orant
442 3072 450 3122 3
473 3051 562 3110 taedet
577 3052 677 3130 pelagi
695 3051 829 3129 perferre
844 3052 986 3110 laborem.

216 3144 299 3223 Ergo
312 3145 390 3204 inter
403 3132 610 3216 medias'sese,
625 3146 705 3203 haud
719 3146 827 3223 ignara
839 3143 977 3216 nocendi,

217 3238 358 3315 Conjieit,
374 3248 405 3297 et
419 3240 585 3314 faciemque
600 3238 666 3299 deae
680 3246 853 3315 vestemque
867 3238 991 3315 reponit.

216 3330 265 3391 Fit
276 3332 388 3404 Beroe,
403 3332 518 3391 Tmarii
532 3332 641 3408 conjux
654 3333 792 3410 longaeva
805 3331 942 3408 Dorycli,
1145 3334 1204 3390 600

217 3424 278 3485 Cui
291 3446 398 3504 genus,
411 3434 442 3484 et
457 3425 603 3503 quondam
617 3446 735 3497 nomen,
751 3425 874 3501 natique
889 3425 1012 3483 fuissent
1026 3444 1034 3496 ;

216 3520 263 3579 Ac
277 3521 323 3577 sic
336 3518 541 3578 Dardanidum
555 3520 681 3578 mediam
696 3538 729 3577 se
742 3519 888 3577 matribus
902 3517 989 3577 infert
1004 3538 1012 3576 t

216 3613 244 3672 Ο
259 3614 388 3684 miserm,
405 3632 478 3690 quas
491 3632 549 3673 non
564 3633 681 3686 manus,
697 3614 802 3689 inquit,
819 3612 956 3670 Achaica
970 3612 1049 3672 bello

215 3707 357 3766 Traxerit
372 3707 408 3767 ad
423 3710 514 3767 letum
527 3710 631 3788 patrias
645 3709 701 3767 suh
715 3708 863 3766 moenibus
877 3710 884 3765 l
906 3726 924 3765 o
937 3725 1013 3785 gens

216 3800 335 3874 Infelix,
351 3803 401 3861 cui
413 3811 443 3861 te
458 3804 547 3862 exitio
560 3804 696 3863 Fortuna
714 3804 869 3861 reservat!
1146 3800 1203 3859 625

217 3896 350 3973 Septima
364 3904 430 3974 post
442 3897 543 3973 Trojae
557 3896 704 3955 excidium
721 3896 785 3972 jam
799 3894 924 3952 vertitur
936 3902 1036 3965 aenas,

217 3986 320 4055 Quum
334 3989 421 4062 freta,
439 4010 528 4067 quum
541 4000 639 4048 terras
654 4008 766 4060 omnes,
780 3997 825 4046 tot
839 3987 986 4065 inhospita
1000 4006 1084 4059 saxa,

216 4080 383 4159 Sideraque
397 4100 527 4142 emensas
542 4082 685 4152 ferimdr3
708 4083 780 4140 dum
794 4100 846 4159 per
859 4100 941 4140 mare
955 4098 1097 4159 magnum

216 4173 334 4233 Italiam
349 4178 503 4253 sequimur
516 4177 689 4255 fugientem,
706 4183 736 4233 et
749 4175 894 4232 volvimur
911 4174 1005 4232 undis.

215 4266 280 4327 Hic
294 4268 407 4346 Erycis
420 4271 496 4329 fines
509 4271 645 4342 fraterni,
661 4278 752 4346 atque
765 4269 875 4346 hospes
889 4267 1018 4327 Acestes
1032 4288 1039 4325 ι
1145 4270 1204 4327 660

216 4358 300 4430 Quid
314 4362 452 4440 prohihet
465 4382 567 4423 muros
581 4364 698 4440 jacere,
715 4370 745 4422 et
759 4361 831 4421 dare
846 4362 960 4421 civibus
975 4364 1078 4421 urbem
1094 4362 1105 4419 i

496 4462 531 4517 16
