3167 5234
337 563 377 625 ω
628 561 656 608 Ρ.
676 559 845 608 ῊΒΕῙΒΠ
867 559 1041 610 Mnnoms

378 701 469 773 Quod
483 709 630 780 superest,
648 718 845 778 quiscumque
860 721 979 780 premes
992 701 1125 780 virgulta
1137 720 1193 780 per
1204 721 1307 783 agros,

338 799 454 877 Sparge
469 797 537 856 fimo
552 796 665 874 pingui,
681 804 712 854 et
726 795 821 855 multi
833 815 947 856 memor
960 798 1067 855 occule
1080 795 1185 855 terris

336 895 399 953 Aut
414 892 540 970 lapidem
556 891 698 963 bibulum,
716 899 766 948 aut
781 892 956 967 squalentes
969 891 1069 950 infode
1083 891 1240 963 conchem

337 987 421 1047 Inter
435 987 514 1046 enim
528 987 667 1046 labentur
681 1005 778 1062 aquae,
794 986 954 1062 tenuisque
969 987 1081 1045 subibit

337 1081 472 1154 Halitus,
490 1091 580 1160 atque
595 1081 709 1138 animos
723 1079 828 1138 tollent
841 1091 909 1139 sata
925 1099 933 1137 τ
951 1082 1075 1163 jamque
1088 1082 1201 1160 reperti
1236 1078 1241 1085 ⁴
1271 1083 1334 1141 350

338 1176 400 1244 Qui
420 1196 492 1235 saxo
506 1176 598 1253 super
612 1183 702 1250 atque
717 1173 833 1251 ingenti
847 1175 977 1251 pondere
991 1185 1078 1234 testie

337 1268 488 1349 Urgerent
503 1289 510 1338 ;
534 1271 591 1327 hoc
605 1269 717 1326 effusos
731 1269 881 1328 munimen
897 1269 934 1326 ad
948 1270 1059 1328 imbres
1073 1290 1081 1340 ;

336 1362 419 1436 Hoc,
435 1365 486 1422 ubi
500 1364 602 1422 hiulca
616 1363 664 1421 siti
679 1362 763 1420 findit
778 1361 876 1422 Canis
889 1364 1002 1422 aestifer
1016 1383 1098 1423 arra.
1212 1404 1219 1420 .

377 1459 548 1518 Seminibus
562 1457 677 1536 positis,
695 1467 833 1533 superest
847 1456 998 1515 deducere
1012 1467 1126 1516 terram

338 1555 454 1632 Saepiirs
469 1552 507 1610 ed
521 1552 632 1629 capita,
650 1559 679 1608 et
693 1551 785 1608 duros
802 1551 921 1627 jactare
937 1553 1073 1610 bidentes
1090 1571 1097 1621 ;

335 1649 400 1708 Aut
419 1667 523 1725 presso
537 1664 682 1703 exercere
696 1644 792 1702 solum
806 1647 862 1702 sub
877 1665 1008 1716 vomere,
1025 1659 1054 1704 et
1069 1646 1136 1724 ipen

336 1740 477 1801 Flectere
492 1741 641 1798 luctantes
655 1739 733 1796 inter
748 1739 848 1796 vineta
865 1739 1033 1815 juvencos:

336 1836 417 1894 Tum
430 1837 513 1893 leves
527 1835 671 1904 calamos,
688 1843 718 1892 et
732 1853 811 1894 rasae
825 1835 947 1893 hastilia
960 1837 1065 1913 virgas,

336 1929 565 2006 Fraxineasque
580 1937 683 2006 aptare
698 1928 800 2000 sudes,
816 1929 979 2006 furcasque
994 1930 1145 2001 bicornes,

336 2023 461 2082 Viribus
475 2023 547 2082 editi
563 2041 699 2100 quarum,
716 2031 746 2081 et
760 2035 953 2082 contemnere
967 2033 1074 2083 ventos

336 2117 535 2189 Assuescant,
551 2135 742 2193 summasque
758 2118 844 2194 sequi
857 2117 992 2176 tabulata
1005 2137 1060 2195 per
1072 2119 1179 2179 ulmos.

376 2212 434 2284 Ao,
450 2211 521 2270 dum
535 2211 630 2289 prima
644 2212 729 2269 novis
745 2211 888 2270 adolescit
905 2212 1059 2270 frondibus
1073 2221 1158 2285 oetas,

336 2307 529 2367 Parcendum
542 2307 655 2365 teneris
670 2325 678 2363 t
701 2315 730 2365 et
745 2308 814 2364 dum
829 2327 863 2366 se
877 2309 964 2366 latus
978 2308 1015 2365 ad
1031 2327 1123 2366 auras

335 2401 457 2461 Palmes
472 2403 545 2480 agit,
562 2400 639 2459 laxis
653 2419 707 2478 per
721 2420 829 2478 purum
842 2401 992 2460 immissus
1005 2402 1143 2475 habenis,

337 2493 409 2573 ipsa
424 2496 488 2554 acie
505 2494 635 2554 nondum
650 2495 737 2553 salcis
750 2496 916 2565 tentsndn3
940 2495 995 2554 sed
1009 2497 1095 2554 uncis

337 2590 509 2668 Carpendae
523 2591 660 2648 manibus
673 2589 806 2662 frondes,
822 2591 961 2666 interque
975 2590 1123 2668 legende.

337 2683 422 2756 inde,
439 2684 490 2742 ubi
505 2683 568 2760 jam
584 2683 691 2741 validis
706 2685 850 2760 amplexas
865 2684 1007 2761 stirpibus
1021 2686 1119 2743 ulmos

336 2777 484 2850 Exierint,
500 2786 562 2835 tum
576 2777 690 2853 stringe
705 2795 818 2848 comas,
834 2786 896 2836 tum
912 2779 1036 2837 brachia
1049 2779 1160 2848 tonde;

336 2871 416 2932 Ante
431 2871 624 2930 reformidant
638 2869 750 2928 ferrum
766 2890 774 2940 ;
798 2880 860 2929 tum
874 2873 1004 2948 denique
1017 2873 1094 2932 dura

336 2965 456 3026 Exeroe
470 2966 605 3044 imperia,
624 2974 653 3024 et
668 2984 767 3024 ramos
781 2985 941 3044 compesce
956 2968 1093 3027 fluentes.

375 3053 529 3119 'I‘exendse
544 3080 632 3138 sepes
646 3061 747 3132 etiarn,
764 3068 793 3119 et
810 3081 903 3138 pecus
917 3081 1004 3120 omne
1017 3061 1190 3134 tenendum,

335 3154 493 3233 Preecipud
507 3155 577 3214 dum
592 3155 674 3214 frons
689 3165 793 3216 tenera
808 3157 1041 3234 imprudensque
1059 3158 1197 3216 laborum
1212 3175 1220 3214 ε

337 3249 408 3322 Cui,
424 3269 516 3327 super
529 3249 669 3328 indignas
683 3251 807 3321 hiemes,
825 3251 978 3326 solemque
995 3260 1156 3329 potentem,

337 3345 497 3405 Silvestres
510 3346 557 3404 uri
576 3345 696 3404 assidue
712 3365 891 3423 capreaeque
906 3365 1055 3422 sequaces

336 3439 489 3509 llludunt3
514 3449 679 3518 pascuntur
694 3460 776 3512 oves,
794 3441 950 3518 aridaeque
966 3442 1116 3518 juvencae.

334 3535 466 3614 Frigora
480 3555 536 3594 nec
550 3536 665 3594 tantum
680 3533 759 3594 caud
773 3545 917 3594 concreto
932 3535 1050 3614 pruind,

335 3630 397 3689 Aut
411 3629 513 3708 gravis
527 3629 703 3688 incumbens
718 3631 849 3708 scopulis
864 3631 1017 3690 arentibus
1032 3639 1131 3705 aestsa

336 3725 489 3794 Qnautdm
503 3725 545 3784 illi
560 3724 692 3784 nocuere
706 3745 828 3804 greges,
845 3726 972 3804 durique
988 3746 1136 3786 venenum

334 3817 454 3891 Dentis,
471 3830 501 3878 et
516 3820 654 3878 admorso
668 3821 788 3898 signata
803 3821 833 3878 in
847 3821 938 3898 stirpe
953 3822 1088 3881 cicatrix.

375 3911 404 3971 N
407 3932 445 3970 on
463 3913 552 3972 aliam
567 3915 604 3972 ob
619 3915 739 3993 culpam
752 3915 877 3973 Baccho
891 3934 984 3993 caper
997 3916 1135 3974 omnibus
1149 3915 1211 3976 aris

336 4006 483 4078 ceditur,
499 4014 530 4066 et
543 4015 664 4067 veteres
679 4010 780 4068 ineunt
796 4011 955 4087 proscenia
970 4011 1031 4068 ludi
1048 4029 1056 4080 ;

334 4099 524 4177 Praemiaque
539 4101 677 4179 ingeniis,
695 4123 789 4182 pagos
804 4113 834 4162 et
847 4106 977 4182 compita
990 4105 1114 4177 circum,

335 4193 477 4252 Thesidse
492 4191 632 4272 posudre,
649 4204 739 4273 atque
754 4197 833 4256 inter
846 4200 954 4276 pocula
968 4199 1028 4256 laeti

335 4287 478 4347 Mollibus
496 4287 526 4345 in
541 4287 633 4365 pratis
647 4299 753 4348 unctos
767 4290 887 4351 saluere
902 4313 956 4370 per
969 4300 1061 4353 utres.

335 4381 404 4441 Nec
418 4400 478 4441 non
490 4381 628 4456 Ausonii,
645 4382 742 4462 Trojd
754 4405 831 4465 gens
843 4388 947 4460 missa,
961 4388 1060 4446 coloni
