3167 5234
377 534 435 591 25⁶
664 526 690 575 r.
713 526 879 575 vinninrr
895 528 1068 575 ussurus

377 665 500 725 Mendet
514 666 603 725 humo
616 664 705 725 solitis
720 686 729 737 ;
752 674 813 737 eut,
829 666 856 725 si
870 685 930 742 que
941 665 972 723 id
985 665 1103 724 fer-tune
1122 666 1244 739 ruebit,

377 760 505 819 Absenti
521 760 596 818 serat
610 760 742 832 inferias,
758 759 941 835 decoretque
957 759 1107 836 sepulcro.
1305 762 1366 821 216

378 852 446 913 Neu
461 852 548 910 metri
562 853 679 911 misere
692 853 767 911 tanti
780 854 837 909 sim
849 870 943 910 ceusa
956 850 1067 909 doloris
1081 870 1089 920 3

378 946 456 1013 Quae
470 955 511 1018 te,
527 946 602 1017 sola,
618 966 702 1024 puer,
716 946 816 1004 multis
829 966 847 1003 e
861 944 1006 1006 matribus
1019 964 1105 1015 ausa,

377 1040 584 1119 Persequitur,
600 1041 700 1119 magni
714 1060 771 1099 nee
784 1040 896 1098 moeuia
907 1047 994 1097 curat
1006 1040 1140 1097 Acesta.

379 1132 435 1193 Ille
449 1144 549 1193 autem
562 1154 568 1191 :
593 1134 711 1193 Causas
724 1133 926 1211 nequidquam
939 1133 1035 1191 uectis
1047 1132 1164 1204 inanes,

378 1226 445 1287 Nec
459 1247 525 1286 mea
535 1229 598 1305 jam
612 1236 724 1286 mutata
738 1229 805 1286 loco
818 1226 968 1285 sententie
981 1225 1070 1283 cedit.
1302 1229 1364 1287 220

377 1321 601 1392 acceleremus,
620 1321 669 1379 ait.
713 1319 829 1398 Vigiles
841 1317 929 1377 simul
943 1317 1078 1387 excitat3
1101 1317 1144 1376 illi

379 1414 559 1486 Succedunt,
576 1422 755 1489 servantque
772 1412 872 1470 vices:
894 1411 1022 1469 statione
1035 1410 1142 1469 relicti

379 1506 447 1585 lpse
462 1527 563 1567 comes
576 1508 605 1568 N
609 1508 653 1566 iso
668 1507 813 1585 graditur,
827 1523 990 1583 regemque
1004 1504 1170 1580 requirunt.

419 1600 542 1660 Cretera
554 1620 607 1679 per
620 1608 718 1659 terras
732 1618 835 1657 omnes
848 1598 989 1657 animalia
1002 1616 1107 1656 somno

377 1692 537 1753 Laxabam
550 1712 651 1764 curas,
668 1702 697 1751 ct
711 1692 805 1750 corde
817 1691 911 1749 oblita
923 1691 1059 1748 laborum
1073 1708 1082 1747 t
1305 1693 1364 1751 225

378 1786 529 1847 Ductores
542 1785 695 1846 Teucrtim
710 1786 806 1864 primi,
822 1784 940 1843 delecta
948 1784 1103 1860 juventus,

379 1878 547 1941 Consilium
560 1881 682 1939 summis
695 1880 780 1958 regni
794 1879 831 1937 de
845 1881 937 1936 rebus
950 1878 1101 1937 hebebant
1117 1895 1127 1947 ;

379 1973 460 2040 Quid
474 1973 617 2046 iacerent,
635 1974 738 2051 quisve
751 1973 863 2031 AEnere
873 1972 938 2048 jem
950 1971 1071 2029 nuntius
1084 1978 1174 2029 esset.

379 2068 464 2127 Stant
475 2068 572 2147 longis
586 2068 685 2127 adnixi
700 2068 804 2137 hostis,
819 2074 850 2125 et
864 2080 951 2125 scuta
963 2073 1111 2137 tenentes,

377 2158 555 2221 Castrorum
568 2170 599 2220 et
613 2162 709 2239 campi
724 2160 830 2219 medio.
870 2160 950 2217 Tum
963 2160 1057 2218 Nisus
1070 2167 1100 2216 et
1114 2158 1176 2217 und
1304 2161 1365 2221 Μ

377 2252 529 2332 Euryalus
540 2255 697 2313 confestim
711 2256 829 2314 elacres
842 2254 991 2312 admittier
1003 2260 1090 2313 orant
1103 2272 1111 2321 3

378 2346 457 2407 Rem
471 2368 620 2427 megum,
637 2350 824 2427 pretiumque
837 2366 929 2406 meree
942 2347 1015 2405 fore.
1058 2346 1177 2405 Primus
1192 2343 1277 2405 Iulus

352 2508 356 2527 1
377 2442 505 2519 Accepit
518 2441 660 2519 trepidos,
678 2460 712 2501 ac
728 2442 756 2500 N
759 2442 836 2500 isum
850 2442 951 2501 dicere
961 2441 1060 2516 jussit.

377 2534 456 2593 Tum
468 2535 514 2593 sic
527 2534 711 2612 Hyrtacides
724 2553 731 2592 :
754 2535 864 2593 Audite
878 2534 1058 2593 o‘mentibus
1071 2534 1176 2610 equis,

379 2626 526 2688 AEneadae
542 2648 550 2699 3
574 2648 649 2687 neve
664 2630 730 2687 lraec
743 2631 852 2687 nostris
865 2636 1038 2706 spectentur
1052 2630 1090 2685 ab
1105 2628 1203 2700 amis,
1304 2628 1364 2687 235
1490 2678 1493 2681 ,
1558 2651 1559 2656 ¹

379 2721 456 2788 Ques
472 2720 602 2779 serimus.
644 2722 750 2780 Rutuli
764 2742 868 2781 somno
882 2722 1011 2797 vinoque
1025 2721 1116 2779 soluti

379 2813 561 2875 Conticuere
575 2834 582 2873 :
605 2816 702 2874 locum
716 2816 830 2874 insidiis
842 2816 1051 2893 conspeximus
1064 2814 1131 2892 ipsi,

379 2908 440 2975 Qui
454 2917 533 2986 patet
547 2909 578 2966 in
591 2909 671 2967 bivio
685 2918 788 2986 portre,
805 2930 871 2988 quoe
885 2910 1018 2987 proxime
1031 2920 1143 2986 ponto;

378 2997 539 3079 Interrupti
553 3002 648 3080 ignes,
667 3010 789 3077 sterque
804 3003 843 3060 ad
856 3003 956 3061 sidera
968 3002 1067 3061 sumus

375 3092 519 3171 Erigitur.
563 3095 594 3152 Si
608 3094 727 3153 lomoni
740 3097 909 3173 permittitis
923 3098 976 3168 uti,

379 3187 547 3254 Quaesitum
560 3188 684 3246 AEneen
699 3187 737 3245 ad
752 3189 863 3247 moenia
875 3190 1033 3248 Pallantea

378 3278 450 3339 Mox
464 3279 515 3338 hic
529 3297 597 3339 cum
610 3281 722 3359 spoliis,
737 3280 850 3359 ingenti
864 3282 948 3341 cede
962 3282 1097 3361 peracti,

378 3373 481 3431 Affore
496 3374 635 3433 cernetis.
679 3374 706 3433 N
709 3394 746 3432 ec
759 3394 815 3433 nos
829 3376 877 3433 rie
889 3376 964 3435 sellit
978 3384 1084 3434 euntes
1098 3394 1107 3433 ε

380 3466 514 3525 Vidimus
528 3468 664 3525 obscuris
678 3468 801 3545 primam
816 3471 871 3526 sub
885 3468 1012 3527 vallibus
1026 3472 1131 3527 urbem

376 3554 498 3617 ¹Veneto
514 3560 642 3632 assiduo,
659 3569 688 3618 et
702 3570 796 3619 toturn
809 3563 1002 3640 cognovimue
1020 3581 1147 3621 amnem
1303 3562 1363 3621 2⁴⁵

378 3652 440 3712 Hic
454 3655 540 3713 suuis
553 3656 654 3733 greris
668 3664 758 3731 atque
773 3656 865 3714 animi
878 3664 1010 3715 maturus
1024 3657 1147 3715 Aletes:

376 3746 418 3805 Di
432 3749 528 3826 patrii,
547 3766 670 3825 quorum
685 3768 802 3827 semper
815 3751 871 3807 sub
884 3750 1003 3808 numine
1018 3749 1111 3827 Troje
1124 3758 1181 3822 est,

377 3840 406 3898 N
408 3860 446 3899 on
459 3850 558 3900 tameo
572 3842 689 3900 omnino
702 3844 840 3901 Teucros
853 3844 954 3901 delere
968 3846 1091 3922 paratis,

378 3932 478 3999 Quum
492 3935 569 3993 telos
584 3936 697 3994 animos
707 3938 851 4013 juvenum
867 3946 971 3996 ettam
986 3948 1071 3997 certa
1082 3938 1192 3997 tulistis

374 4021 514 4086 Pectore.
559 4029 609 4086 Sic
621 4050 800 4102 memorans,
817 4031 956 4090 humeros
968 4032 1149 4107 dextrasque
1161 4032 1284 4091 tenebat
1301 4030 1362 4089 250

378 4118 552 4192 Amborum,
569 4130 597 4179 et
613 4124 724 4181 vultum
737 4124 879 4201 lacrymis
893 4134 983 4201 atque
997 4144 1051 4183 ora
1063 4126 1190 4203 rigebat.

353 4232 357 4243 ’
378 4212 455 4279 Qec
470 4215 563 4286 vobis,
580 4235 646 4292 qum
661 4217 761 4295 digna,
778 4218 845 4289 riri,
861 4238 914 4296 pro
928 4220 1066 4277 laudibus
1079 4218 1156 4291 istis,

376 4306 504 4365 Praemia
517 4326 605 4385 posse
619 4308 689 4369 'rear
702 4312 776 4369 solvi
792 4311 803 4368 ἓ
842 4312 1050 4371 Pulcherrima
1063 4312 1189 4391 primum
