3167 5234
561 542 739 593 EBEIDOS
756 545 827 595 m
840 546 871 595 V.

220 680 379 766 Argivum
395 690 513 743 ventres
525 702 596 761 spes
608 684 702 745 uritis.
742 684 792 745 En
806 704 865 765 ego
878 689 978 745 vester

220 779 380 840 Asuuius.
422 777 552 840 Geleem
566 785 634 837 ente
648 778 741 857 pedes
754 779 879 857 projec'n
892 779 1022 852 inanem,

221 872 293 941 Qut
306 871 377 931 ludo
391 871 512 933 indutus
525 871 597 929 belli
609 872 770 931 simulecre
783 874 892 933 ciebet.

220 965 384 1025 Accelerat
398 965 486 1025 simul
501 966 625 1037 AEnees,
641 965 729 1025 simul
743 967 864 1046 egmine
875 968 1038 1029 Teucnim.

220 1058 278 1119 Ast
293 1060 353 1118 illes
367 1059 486 1118 diverse
500 1067 581 1122 metu
595 1078 650 1137 per
663 1061 763 1119 littore
776 1060 887 1139 possim

220 1151 392 1231 Diffugiunt
405 1172 413 1223 ;
436 1150 600 1229 silseeque,
616 1162 646 1211 et
660 1154 757 1213 sicubi
771 1174 906 1214 concere
919 1154 1019 1214 birtine

222 1248 312 1317 Seue,
329 1255 441 1325 petunt
484 1247 572 1326 Piget
585 1248 707 1325 incepti,
722 1248 880 1325 lucisque;
903 1268 1035 1327 suosque

220 1339 349 1398 Mutetee
363 1348 541 1418 egnoscunt,
557 1360 747 1418 excusseque
760 1350 883 1419 pectore
896 1342 978 1401 June
990 1349 1047 1401 est.

221 1433 282 1493 Sed
296 1453 357 1492 non
370 1434 483 1493 idcireo
495 1434 620 1493 flemmae
636 1443 726 1512 etque
741 1434 880 1496 incendis
894 1436 974 1495 vires

222 1526 386 1587 Indomites
399 1525 548 1607 posudre:
570 1529 630 1587 udo
644 1530 700 1587 sub
713 1529 823 1589 robore
837 1528 908 1589 vivit

224 1623 347 1699 Stuppe,
364 1642 485 1681 vomens
497 1622 615 1681 turdum
629 1623 763 1693 fumum
786 1624 944 1699 lentusque
959 1621 1078 1681 urines

221 1714 282 1775 Est
293 1735 395 1794 vepor,
410 1724 441 1774 et
455 1724 518 1775 toto
531 1715 685 1775 deseendit
697 1735 824 1795 corpore
838 1718 932 1796 pestis
946 1737 954 1788 ς

223 1808 252 1867 N
254 1828 290 1867 ec
304 1810 384 1868 vires
397 1810 521 1869 heroum
534 1809 692 1888 infusaque
706 1811 829 1871 flumine
842 1820 975 1889 prosunt.

220 1900 299 1961 'l'um
314 1902 380 1980 pius
393 1904 513 1962 AEnees
526 1904 657 1963 humeris
671 1904 848 1963 abscindere
863 1914 987 1978 vestem,

222 1996 403 2074 Auxilioque
416 2016 527 2057 nocere
541 1998 624 2071 deos,
640 2008 670 2057 et
683 1999 807 2060 tendere
822 1999 957 2077 palmes:

223 2090 342 2169 Jupiter
355 2092 549 2170 omnipotens,
565 2092 591 2152 si
604 2092 734 2151 nondum
747 2112 858 2151 exosus
872 2094 910 2151 ed
924 2110 1016 2151 unum

222 2184 382 2261 Trojenos,
398 2185 425 2243 si
438 2186 509 2262 quid
523 2186 619 2264 pietes
632 2186 755 2263 entique
767 2188 888 2245 lebores

224 2278 361 2356 Respicit
374 2278 519 2337 humanos
531 2298 540 2350 3
563 2280 603 2339 de
616 2280 764 2339 flemmem
779 2280 909 2339 eredere
925 2278 1016 2339 clessl

223 2370 325 2445 Nunc,
339 2370 443 2443 Peter,
458 2382 488 2431 et
500 2381 609 2432 tenues
622 2371 774 2433 Teucrdm
788 2392 838 2431 res
852 2372 935 2450 eripe
948 2374 1018 2431 leto.

223 2464 283 2523 Vel
296 2473 341 2537 tu,
357 2465 436 2543 quod
449 2476 597 2544 superest,
613 2467 722 2526 infeste
735 2467 857 2525 fulmine
872 2466 970 2537 morti,

226 2562 257 2621 Si
271 2581 399 2635 mereor,
415 2562 546 2634 demitte,
560 2561 674 2639 tuique
688 2562 738 2620 bio
751 2563 846 2619 obrue
860 2558 975 2621 dextri.
992 2580 997 2587 ·

156 2652 160 2659 ’
226 2653 288 2715 Vix
301 2656 368 2721 bmc
381 2655 527 2728 edideret,
543 2674 634 2733 quum
647 2656 752 2714 effusis
766 2655 911 2713 imbribus
926 2661 992 2711 etre

226 2748 404 2827 Tempestee
417 2750 484 2808 sine
497 2768 580 2807 more
594 2749 675 2821 furit,
690 2748 861 2825 tonitruque
876 2748 1050 2807 tremiscunt

225 2842 334 2902 Ardue
345 2850 494 2906 terrerum
507 2851 537 2901 et
551 2843 649 2921 cempi
662 2862 670 2912 3
693 2843 752 2901 ruit
766 2843 878 2901 oethere
893 2850 955 2901 toto

139 2943 147 2955 “
227 2937 379 2996 Turbidus
392 2937 488 2995 imber
501 2935 591 3013 aqud,
607 2936 769 3013 densisque
782 2936 963 3014 nigerrimus
976 2932 1096 2993 Austris
1109 2951 1117 3002 3

227 3029 451 3108 Implenturqne
464 3030 557 3108 super
570 3050 685 3109 puppes
697 3048 706 3100 3
729 3030 873 3092 semiuste
886 3028 1062 3087 medsscunt

227 3124 351 3184 Robore
363 3142 372 3195 ;
396 3126 558 3183 restinctus
570 3126 667 3184 donec
680 3144 774 3203 repcr
786 3123 893 3194 omnis,
909 3131 938 3181 et
952 3138 1065 3193 omnes,

228 3217 367 3286 Quetuor
380 3219 509 3291 emissis,
524 3228 652 3279 serretm
666 3237 685 3276 e
698 3226 783 3296 peste
797 3216 916 3276 nerine.

265 3314 306 3371 At
321 3321 406 3391 peter
419 3313 549 3385 AEnees,
565 3332 639 3373 oesu
653 3330 819 3371 concussus
838 3310 959 3380 ecerbo,

228 3407 256 3466 N
259 3426 319 3464 unc
331 3407 392 3465 huc
405 3407 543 3485 ingentes
556 3426 637 3467 nunc
650 3406 722 3465 illuc
735 3414 856 3483 pectore
871 3419 962 3461 cures

229 3496 377 3570 Mutebet,
394 3518 530 3570 rereens,
546 3499 694 3557 Siculisne
709 3498 854 3556 resideret
868 3496 959 3565 ervis,

230 3592 349 3653 Oblitus
362 3593 501 3665 fetorum,
518 3592 651 3652 Itelesne
665 3598 838 3669 capesseret
852 3608 930 3648 ores.

229 3686 309 3744 Tum
323 3686 424 3745 senior
437 3688 565 3759 Nautes,
582 3705 672 3745 unum
685 3686 823 3745 Tritonis
840 3684 942 3743 Pelles

222 3776 332 3848 ¹Quem
346 3780 458 3852 docuit,
473 3780 627 3857 multique
641 3780 787 3858 insignem
802 3776 928 3835 reddidit
942 3782 1018 3847 erte,

231 3872 311 3933 Htec
325 3890 470 3951 response
482 3874 583 3946 debet,
600 3874 648 3933 vel
664 3892 730 3949 qum
744 3870 935 3950 portenderet
953 3870 1000 3927 ire

232 3964 352 4045 Megne
364 3965 462 4039 desim,
479 3968 526 4026 rel
541 3986 609 4044 quie
624 3966 753 4025 fetorum
766 3968 904 4041 posceret
918 3960 1000 4022 ordo.

232 4058 324 4136 Isque
337 4060 384 4118 bis
398 4061 522 4120 AEneen
535 4062 650 4119 soletus
662 4059 788 4117 vocibus
801 4056 864 4115 infit
878 4074 885 4113 ε

232 4152 313 4211 Note
327 4151 396 4225 ded,
412 4154 471 4230 qud
485 4155 549 4213 lete
560 4154 682 4213 trebunt
695 4151 921 4226 retrahuntque,
938 4168 1121 4226 sequemur:

231 4244 388 4322 Quidquid
401 4247 468 4318 erit,
485 4246 656 4325 superende
669 4245 763 4304 omnis
776 4244 896 4302 fortune
909 4242 1032 4303 ferendo
1046 4251 1100 4305 est.
1162 4242 1221 4301 'tto

231 4340 289 4399 Est
303 4341 357 4399 tibi
370 4340 544 4401 Derdenius
556 4342 663 4401 divium
681 4339 782 4417 stirpis
793 4340 944 4396 Acestes:
