<?xml version="1.0" encoding="UTF-8"?>
<!DOCTYPE html PUBLIC "-//W3C//DTD XHTML 1.0 Transitional//EN"
    "http://www.w3.org/TR/xhtml1/DTD/xhtml1-transitional.dtd">
<html xmlns="http://www.w3.org/1999/xhtml" xml:lang="en" lang="en">
 <head>
  <title>
</title>
<meta http-equiv="Content-Type" content="text/html;charset=utf-8" />
  <meta name='ocr-system' content='tesseract 3.04.00' />
  <meta name='ocr-capabilities' content='ocr_page ocr_carea ocr_par ocr_line ocrx_word'/>
</head>
<body>
  <div class='ocr_page' id='page_1' title='image "./pvirgiliimaroni01bowegoog/pvirgiliimaroni01bowegoog_0041.png"; bbox 0 0 3167 5234; ppageno 0'>
   <div class='ocr_carea' id='block_1_1' title="bbox 528 559 874 612">
    <p class='ocr_par' dir='ltr' id='par_1_1' title="bbox 528 559 874 612">
     <span class='ocr_line' id='line_1_1' title="bbox 528 559 874 612; baseline 0.006 -3"><span class='ocrx_word' id='word_1_1' title='bbox 528 559 750 610; x_wconf 74' lang='lat' dir='ltr'><strong>usosotcert</strong></span> <span class='ocrx_word' id='word_1_2' title='bbox 768 560 874 612; x_wconf 73' lang='lat' dir='ltr'><strong>slat.</strong></span> 
     </span>
    </p>
   </div>
   <div class='ocr_carea' id='block_1_2' title="bbox 175 699 1200 4074">
    <p class='ocr_par' dir='ltr' id='par_1_2' title="bbox 204 699 975 876">
     <span class='ocr_line' id='line_1_2' title="bbox 204 699 870 776; baseline -0.002 -13"><span class='ocrx_word' id='word_1_3' title='bbox 204 704 256 776; x_wconf 85' lang='lat' dir='ltr'><strong>At,</strong></span> <span class='ocrx_word' id='word_1_4' title='bbox 271 701 298 762; x_wconf 92' lang='lat' dir='ltr'><strong>si</strong></span> <span class='ocrx_word' id='word_1_5' title='bbox 310 699 431 762; x_wconf 69' lang='lat' dir='ltr'><strong>luxurii</strong></span> <span class='ocrx_word' id='word_1_6' title='bbox 444 701 582 762; x_wconf 78' lang='lat' dir='ltr'><strong>foliorum</strong></span> <span class='ocrx_word' id='word_1_7' title='bbox 595 701 740 762; x_wconf 81' lang='lat' dir='ltr'><strong>exuberat</strong></span> <span class='ocrx_word' id='word_1_8' title='bbox 753 704 870 776; x_wconf 75' lang='lat' dir='ltr'><strong>umbra,</strong></span> 
     </span>
     <span class='ocr_line' id='line_1_3' title="bbox 205 795 975 876; baseline 0 -19"><span class='ocrx_word' id='word_1_9' title='bbox 205 796 416 874; x_wconf 74' lang='lat' dir='ltr'><strong>Nequidquam</strong></span> <span class='ocrx_word' id='word_1_10' title='bbox 430 797 558 876; x_wconf 87' lang='lat' dir='ltr'><strong>pingues</strong></span> <span class='ocrx_word' id='word_1_11' title='bbox 572 795 661 874; x_wconf 68' lang='lat' dir='ltr'><strong>palei</strong></span> <span class='ocrx_word' id='word_1_12' title='bbox 673 805 750 856; x_wconf 89' lang='lat' dir='ltr'><strong>teret</strong></span> <span class='ocrx_word' id='word_1_13' title='bbox 765 815 839 856; x_wconf 87' lang='lat' dir='ltr'><strong>area</strong></span> <span class='ocrx_word' id='word_1_14' title='bbox 851 796 975 857; x_wconf 89' lang='lat' dir='ltr'><strong>culmos.</strong></span> 
     </span>
    </p>

    <p class='ocr_par' dir='ltr' id='par_1_3' title="bbox 204 890 1198 1915">
     <span class='ocr_line' id='line_1_4' title="bbox 244 890 1040 969; baseline 0 -19"><span class='ocrx_word' id='word_1_15' title='bbox 244 890 365 950; x_wconf 77' lang='lat' dir='ltr'><strong>Samiam</strong></span> <span class='ocrx_word' id='word_1_16' title='bbox 378 890 439 950; x_wconf 80' lang='lat' dir='ltr'><strong>vidi</strong></span> <span class='ocrx_word' id='word_1_17' title='bbox 453 891 593 969; x_wconf 90' lang='lat' dir='ltr'><strong>equidem</strong></span> <span class='ocrx_word' id='word_1_18' title='bbox 606 892 715 950; x_wconf 90' lang='lat' dir='ltr'><strong>multos</strong></span> <span class='ocrx_word' id='word_1_19' title='bbox 728 891 880 950; x_wconf 88' lang='lat' dir='ltr'><strong>medicare</strong></span> <span class='ocrx_word' id='word_1_20' title='bbox 895 898 1040 964; x_wconf 84' lang='lat' dir='ltr'><strong>serentes,</strong></span> 
     </span>
     <span class='ocr_line' id='line_1_5' title="bbox 205 985 921 1065; baseline 0 -21"><span class='ocrx_word' id='word_1_21' title='bbox 205 985 244 1044; x_wconf 82' lang='lat' dir='ltr'><strong>Et</strong></span> <span class='ocrx_word' id='word_1_22' title='bbox 257 987 336 1046; x_wconf 89' lang='lat' dir='ltr'><strong>nitro</strong></span> <span class='ocrx_word' id='word_1_23' title='bbox 350 985 432 1064; x_wconf 80' lang='lat' dir='ltr'><strong>prius</strong></span> <span class='ocrx_word' id='word_1_24' title='bbox 445 995 476 1048; x_wconf 85' lang='lat' dir='ltr'><strong>et</strong></span> <span class='ocrx_word' id='word_1_25' title='bbox 491 985 580 1065; x_wconf 67' lang='lat' dir='ltr'><strong>nigri</strong></span> <span class='ocrx_word' id='word_1_26' title='bbox 593 986 771 1064; x_wconf 84' lang='lat' dir='ltr'><strong>perfundere</strong></span> <span class='ocrx_word' id='word_1_27' title='bbox 787 985 921 1060; x_wconf 71' lang='lat' dir='ltr'><strong>amared,</strong></span> 
     </span>
     <span class='ocr_line' id='line_1_6' title="bbox 205 1077 1196 1159; baseline -0.001 -19"><span class='ocrx_word' id='word_1_28' title='bbox 205 1077 356 1140; x_wconf 78' lang='lat' dir='ltr'><strong>Grandior</strong></span> <span class='ocrx_word' id='word_1_29' title='bbox 368 1089 401 1140; x_wconf 85' lang='lat' dir='ltr'><strong>ut</strong></span> <span class='ocrx_word' id='word_1_30' title='bbox 415 1081 505 1142; x_wconf 81' lang='lat' dir='ltr'><strong>soetus</strong></span> <span class='ocrx_word' id='word_1_31' title='bbox 519 1081 634 1159; x_wconf 90' lang='lat' dir='ltr'><strong>siliquis</strong></span> <span class='ocrx_word' id='word_1_32' title='bbox 648 1081 806 1141; x_wconf 83' lang='lat' dir='ltr'><strong>fallacibus</strong></span> <span class='ocrx_word' id='word_1_33' title='bbox 819 1089 921 1153; x_wconf 80' lang='lat' dir='ltr'><strong>esset3</strong></span> <span class='ocrx_word' id='word_1_34' title='bbox 1139 1081 1196 1140; x_wconf 76' lang='lat' dir='ltr'><strong>teo</strong></span> 
     </span>
     <span class='ocr_line' id='line_1_7' title="bbox 204 1173 960 1256; baseline 0.001 -23"><span class='ocrx_word' id='word_1_35' title='bbox 204 1173 255 1246; x_wconf 80' lang='lat' dir='ltr'><strong>Et,</strong></span> <span class='ocrx_word' id='word_1_36' title='bbox 273 1176 408 1252; x_wconf 80' lang='lat' dir='ltr'><strong>quamvis</strong></span> <span class='ocrx_word' id='word_1_37' title='bbox 423 1176 485 1255; x_wconf 86' lang='lat' dir='ltr'>igni</span> <span class='ocrx_word' id='word_1_38' title='bbox 499 1176 609 1254; x_wconf 86' lang='lat' dir='ltr'><strong>exiguo</strong></span> <span class='ocrx_word' id='word_1_39' title='bbox 621 1184 782 1256; x_wconf 89' lang='lat' dir='ltr'><strong>properata</strong></span> <span class='ocrx_word' id='word_1_40' title='bbox 796 1175 960 1250; x_wconf 86' lang='lat' dir='ltr'><strong>maderent,</strong></span> 
     </span>
     <span class='ocr_line' id='line_1_8' title="bbox 205 1267 851 1348; baseline 0.005 -22"><span class='ocrx_word' id='word_1_41' title='bbox 205 1267 275 1327; x_wconf 88' lang='lat' dir='ltr'><strong>Vidi</strong></span> <span class='ocrx_word' id='word_1_42' title='bbox 288 1269 369 1328; x_wconf 89' lang='lat' dir='ltr'><strong>lecta</strong></span> <span class='ocrx_word' id='word_1_43' title='bbox 382 1269 432 1329; x_wconf 90' lang='lat' dir='ltr'><strong>diu</strong></span> <span class='ocrx_word' id='word_1_44' title='bbox 446 1279 476 1328; x_wconf 86' lang='lat' dir='ltr'><strong>et</strong></span> <span class='ocrx_word' id='word_1_45' title='bbox 491 1270 582 1329; x_wconf 88' lang='lat' dir='ltr'><strong>multo</strong></span> <span class='ocrx_word' id='word_1_46' title='bbox 597 1278 732 1348; x_wconf 90' lang='lat' dir='ltr'><strong>spectata</strong></span> <span class='ocrx_word' id='word_1_47' title='bbox 746 1270 851 1329; x_wconf 88' lang='lat' dir='ltr'><strong>labore</strong></span> 
     </span>
     <span class='ocr_line' id='line_1_9' title="bbox 205 1361 973 1441; baseline -0.003 -17"><span class='ocrx_word' id='word_1_48' title='bbox 205 1361 403 1441; x_wconf 74' lang='lat' dir='ltr'><strong>Degenerare</strong></span> <span class='ocrx_word' id='word_1_49' title='bbox 417 1371 518 1423; x_wconf 89' lang='lat' dir='ltr'><strong>tamen</strong></span> <span class='ocrx_word' id='word_1_50' title='bbox 535 1383 543 1436; x_wconf 81' lang='lat'>3</span> <span class='ocrx_word' id='word_1_51' title='bbox 566 1367 597 1424; x_wconf 92' lang='lat' dir='ltr'><strong>ni</strong></span> <span class='ocrx_word' id='word_1_52' title='bbox 611 1365 656 1424; x_wconf 84' lang='lat' dir='ltr'><strong>vis</strong></span> <span class='ocrx_word' id='word_1_53' title='bbox 670 1365 801 1424; x_wconf 86' lang='lat' dir='ltr'><strong>bumana</strong></span> <span class='ocrx_word' id='word_1_54' title='bbox 813 1364 973 1441; x_wconf 71' lang='lat' dir='ltr'><strong>quotannis</strong></span> 
     </span>
     <span class='ocr_line' id='line_1_10' title="bbox 206 1456 1013 1538; baseline 0.001 -21"><span class='ocrx_word' id='word_1_55' title='bbox 206 1456 339 1517; x_wconf 83' lang='lat' dir='ltr'><strong>Maxima</strong></span> <span class='ocrx_word' id='word_1_56' title='bbox 354 1479 480 1537; x_wconf 89' lang='lat' dir='ltr'><strong>quoeque</strong></span> <span class='ocrx_word' id='word_1_57' title='bbox 494 1477 585 1518; x_wconf 87' lang='lat' dir='ltr'><strong>manu</strong></span> <span class='ocrx_word' id='word_1_58' title='bbox 599 1459 723 1538; x_wconf 86' lang='lat' dir='ltr'><strong>legeret.</strong></span> <span class='ocrx_word' id='word_1_59' title='bbox 767 1459 819 1518; x_wconf 90' lang='lat' dir='ltr'><strong>Sic</strong></span> <span class='ocrx_word' id='word_1_60' title='bbox 831 1458 931 1517; x_wconf 89' lang='lat' dir='ltr'><strong>omnia</strong></span> <span class='ocrx_word' id='word_1_61' title='bbox 943 1457 1013 1518; x_wconf 79' lang='lat' dir='ltr'><strong>latis</strong></span> 
     </span>
     <span class='ocr_line' id='line_1_11' title="bbox 207 1549 1198 1632; baseline 0.002 -22"><span class='ocrx_word' id='word_1_62' title='bbox 207 1549 240 1610; x_wconf 91' lang='lat' dir='ltr'><strong>ln</strong></span> <span class='ocrx_word' id='word_1_63' title='bbox 254 1553 340 1631; x_wconf 90' lang='lat' dir='ltr'><strong>pejus</strong></span> <span class='ocrx_word' id='word_1_64' title='bbox 353 1572 454 1628; x_wconf 89' lang='lat' dir='ltr'><strong>ruere,</strong></span> <span class='ocrx_word' id='word_1_65' title='bbox 469 1573 506 1612; x_wconf 93' lang='lat' dir='ltr'><strong>ac</strong></span> <span class='ocrx_word' id='word_1_66' title='bbox 519 1562 600 1613; x_wconf 88' lang='lat' dir='ltr'><strong>retro</strong></span> <span class='ocrx_word' id='word_1_67' title='bbox 614 1554 756 1632; x_wconf 88' lang='lat' dir='ltr'><strong>sublapsa</strong></span> <span class='ocrx_word' id='word_1_68' title='bbox 771 1551 896 1612; x_wconf 84' lang='lat' dir='ltr'><strong>referri:</strong></span> <span class='ocrx_word' id='word_1_69' title='bbox 1136 1553 1198 1612; x_wconf 86' lang='grc'><strong>900</strong></span> 
     </span>
     <span class='ocr_line' id='line_1_12' title="bbox 206 1646 1043 1726; baseline -0.002 -20"><span class='ocrx_word' id='word_1_70' title='bbox 206 1647 234 1706; x_wconf 88' lang='lat' dir='ltr'>N</span> <span class='ocrx_word' id='word_1_71' title='bbox 237 1667 275 1706; x_wconf 88' lang='lat' dir='ltr'><strong>on</strong></span> <span class='ocrx_word' id='word_1_72' title='bbox 289 1649 387 1721; x_wconf 88' lang='lat' dir='ltr'><strong>aliter,</strong></span> <span class='ocrx_word' id='word_1_73' title='bbox 404 1649 494 1726; x_wconf 69' lang='lat' dir='ltr'><strong>quam</strong></span> <span class='ocrx_word' id='word_1_74' title='bbox 509 1649 559 1726; x_wconf 90' lang='lat' dir='ltr'><strong>qui</strong></span> <span class='ocrx_word' id='word_1_75' title='bbox 573 1647 699 1706; x_wconf 87' lang='lat' dir='ltr'><strong>adverso</strong></span> <span class='ocrx_word' id='word_1_76' title='bbox 714 1649 763 1706; x_wconf 86' lang='lat' dir='ltr'><strong>vix</strong></span> <span class='ocrx_word' id='word_1_77' title='bbox 777 1647 898 1706; x_wconf 89' lang='lat' dir='ltr'><strong>flumine</strong></span> <span class='ocrx_word' id='word_1_78' title='bbox 911 1646 1043 1705; x_wconf 78' lang='lat' dir='ltr'><strong>lembum</strong></span> 
     </span>
     <span class='ocr_line' id='line_1_13' title="bbox 206 1740 917 1822; baseline -0.003 -22"><span class='ocrx_word' id='word_1_79' title='bbox 206 1741 353 1820; x_wconf 78' lang='lat' dir='ltr'><strong>Remigiis</strong></span> <span class='ocrx_word' id='word_1_80' title='bbox 367 1742 477 1822; x_wconf 82' lang='lat' dir='ltr'><strong>subigit</strong></span> <span class='ocrx_word' id='word_1_81' title='bbox 494 1761 502 1813; x_wconf 87' lang='lat'><strong>;</strong></span> <span class='ocrx_word' id='word_1_82' title='bbox 525 1741 690 1801; x_wconf 87' lang='lat' dir='ltr'><strong>sibracbie</strong></span> <span class='ocrx_word' id='word_1_83' title='bbox 703 1741 779 1800; x_wconf 73' lang='lat' dir='ltr'><strong>sorte</strong></span> <span class='ocrx_word' id='word_1_84' title='bbox 792 1740 917 1813; x_wconf 81' lang='lat' dir='ltr'><strong>remisit,</strong></span> 
     </span>
     <span class='ocr_line' id='line_1_14' title="bbox 207 1832 1018 1915; baseline 0 -21"><span class='ocrx_word' id='word_1_85' title='bbox 207 1833 307 1912; x_wconf 79' lang='lat' dir='ltr'><strong>Atque</strong></span> <span class='ocrx_word' id='word_1_86' title='bbox 322 1835 404 1894; x_wconf 90' lang='lat' dir='ltr'><strong>illum</strong></span> <span class='ocrx_word' id='word_1_87' title='bbox 417 1836 448 1895; x_wconf 90' lang='lat' dir='ltr'><strong>in</strong></span> <span class='ocrx_word' id='word_1_88' title='bbox 461 1855 597 1915; x_wconf 80' lang='lat' dir='ltr'><strong>praeceps</strong></span> <span class='ocrx_word' id='word_1_89' title='bbox 611 1855 704 1914; x_wconf 90' lang='lat' dir='ltr'><strong>prono</strong></span> <span class='ocrx_word' id='word_1_90' title='bbox 718 1835 796 1912; x_wconf 89' lang='lat' dir='ltr'><strong>rapit</strong></span> <span class='ocrx_word' id='word_1_91' title='bbox 809 1833 915 1893; x_wconf 83' lang='lat' dir='ltr'><strong>alveus</strong></span> <span class='ocrx_word' id='word_1_92' title='bbox 928 1832 1018 1894; x_wconf 79' lang='lat' dir='ltr'><strong>amni</strong></span> 
     </span>
    </p>

    <p class='ocr_par' dir='ltr' id='par_1_4' title="bbox 207 1927 1200 2946">
     <span class='ocr_line' id='line_1_15' title="bbox 243 1927 917 2000; baseline -0.001 -13"><span class='ocrx_word' id='word_1_93' title='bbox 243 1927 399 1988; x_wconf 69' lang='lat' dir='ltr'><strong>Praeterea</strong></span> <span class='ocrx_word' id='word_1_94' title='bbox 414 1938 476 1989; x_wconf 88' lang='lat' dir='ltr'><strong>tam</strong></span> <span class='ocrx_word' id='word_1_95' title='bbox 490 1939 557 1990; x_wconf 88' lang='lat' dir='ltr'><strong>sunt</strong></span> <span class='ocrx_word' id='word_1_96' title='bbox 570 1929 695 1989; x_wconf 77' lang='lat' dir='ltr'><strong>Arcturi</strong></span> <span class='ocrx_word' id='word_1_97' title='bbox 707 1929 808 1988; x_wconf 86' lang='lat' dir='ltr'><strong>sidera</strong></span> <span class='ocrx_word' id='word_1_98' title='bbox 821 1928 917 2000; x_wconf 91' lang='lat' dir='ltr'><strong>nobis,</strong></span> 
     </span>
     <span class='ocr_line' id='line_1_16' title="bbox 207 2021 1197 2101; baseline 0.004 -21"><span class='ocrx_word' id='word_1_99' title='bbox 207 2021 432 2100; x_wconf 74' lang='lat' dir='ltr'><strong>Haedorumque</strong></span> <span class='ocrx_word' id='word_1_100' title='bbox 446 2024 511 2084; x_wconf 88' lang='lat' dir='ltr'><strong>dies</strong></span> <span class='ocrx_word' id='word_1_101' title='bbox 526 2024 675 2096; x_wconf 81' lang='lat' dir='ltr'><strong>servandi,</strong></span> <span class='ocrx_word' id='word_1_102' title='bbox 692 2033 722 2082; x_wconf 87' lang='lat' dir='ltr'><strong>et</strong></span> <span class='ocrx_word' id='word_1_103' title='bbox 736 2023 854 2083; x_wconf 92' lang='lat' dir='ltr'><strong>lucidus</strong></span> <span class='ocrx_word' id='word_1_104' title='bbox 868 2023 997 2101; x_wconf 83' lang='lat' dir='ltr'><strong>Anguis,</strong></span> <span class='ocrx_word' id='word_1_105' title='bbox 1136 2025 1197 2084; x_wconf 77' lang='grc'><strong>906</strong></span> 
     </span>
     <span class='ocr_line' id='line_1_17' title="bbox 208 2116 1065 2198; baseline 0.001 -22"><span class='ocrx_word' id='word_1_106' title='bbox 208 2116 306 2185; x_wconf 79' lang='lat' dir='ltr'><strong>Quem</strong></span> <span class='ocrx_word' id='word_1_107' title='bbox 321 2118 428 2196; x_wconf 89' lang='lat' dir='ltr'><strong>quibus</strong></span> <span class='ocrx_word' id='word_1_108' title='bbox 442 2120 470 2180; x_wconf 87' lang='lat' dir='ltr'><strong>in</strong></span> <span class='ocrx_word' id='word_1_109' title='bbox 486 2121 613 2198; x_wconf 87' lang='lat' dir='ltr'><strong>patriam</strong></span> <span class='ocrx_word' id='word_1_110' title='bbox 625 2127 751 2178; x_wconf 84' lang='lat' dir='ltr'><strong>ventosa</strong></span> <span class='ocrx_word' id='word_1_111' title='bbox 763 2137 819 2197; x_wconf 87' lang='lat' dir='ltr'><strong>per</strong></span> <span class='ocrx_word' id='word_1_112' title='bbox 832 2137 956 2195; x_wconf 74' lang='lat' dir='ltr'><strong>aequora</strong></span> <span class='ocrx_word' id='word_1_113' title='bbox 968 2117 1065 2179; x_wconf 84' lang='lat' dir='ltr'><strong>vectis</strong></span> 
     </span>
     <span class='ocr_line' id='line_1_18' title="bbox 207 2209 919 2292; baseline 0 -20"><span class='ocrx_word' id='word_1_114' title='bbox 207 2209 320 2272; x_wconf 86' lang='lat' dir='ltr'><strong>Pontus</strong></span> <span class='ocrx_word' id='word_1_115' title='bbox 333 2220 363 2272; x_wconf 84' lang='lat' dir='ltr'><strong>et</strong></span> <span class='ocrx_word' id='word_1_116' title='bbox 376 2212 507 2272; x_wconf 79' lang='lat' dir='ltr'><strong>ostriferi</strong></span> <span class='ocrx_word' id='word_1_117' title='bbox 524 2214 629 2273; x_wconf 81' lang='lat' dir='ltr'><strong>fauces</strong></span> <span class='ocrx_word' id='word_1_118' title='bbox 643 2221 796 2272; x_wconf 86' lang='lat' dir='ltr'><strong>tentantur</strong></span> <span class='ocrx_word' id='word_1_119' title='bbox 808 2213 919 2292; x_wconf 82' lang='lat' dir='ltr'><strong>Abydi.</strong></span> 
     </span>
     <span class='ocr_line' id='line_1_19' title="bbox 207 2305 933 2386; baseline 0 -22"><span class='ocrx_word' id='word_1_120' title='bbox 207 2305 300 2365; x_wconf 84' lang='lat' dir='ltr'><strong>Libra</strong></span> <span class='ocrx_word' id='word_1_121' title='bbox 313 2307 361 2366; x_wconf 92' lang='lat' dir='ltr'><strong>die</strong></span> <span class='ocrx_word' id='word_1_122' title='bbox 375 2307 529 2384; x_wconf 86' lang='lat' dir='ltr'><strong>somnique</strong></span> <span class='ocrx_word' id='word_1_123' title='bbox 543 2328 633 2386; x_wconf 87' lang='lat' dir='ltr'><strong>pares</strong></span> <span class='ocrx_word' id='word_1_124' title='bbox 647 2308 697 2366; x_wconf 93' lang='lat' dir='ltr'><strong>ubi</strong></span> <span class='ocrx_word' id='word_1_125' title='bbox 712 2308 818 2365; x_wconf 88' lang='lat' dir='ltr'><strong>fecerit</strong></span> <span class='ocrx_word' id='word_1_126' title='bbox 831 2308 933 2378; x_wconf 89' lang='lat' dir='ltr'><strong>boras,</strong></span> 
     </span>
     <span class='ocr_line' id='line_1_20' title="bbox 208 2399 1018 2480; baseline 0.001 -22"><span class='ocrx_word' id='word_1_127' title='bbox 208 2399 248 2459; x_wconf 82' lang='lat' dir='ltr'><strong>Et</strong></span> <span class='ocrx_word' id='word_1_128' title='bbox 261 2400 390 2461; x_wconf 89' lang='lat' dir='ltr'><strong>medium</strong></span> <span class='ocrx_word' id='word_1_129' title='bbox 403 2400 464 2460; x_wconf 88' lang='lat' dir='ltr'><strong>luci</strong></span> <span class='ocrx_word' id='word_1_130' title='bbox 479 2413 568 2480; x_wconf 90' lang='lat' dir='ltr'><strong>atque</strong></span> <span class='ocrx_word' id='word_1_131' title='bbox 584 2403 695 2461; x_wconf 87' lang='lat' dir='ltr'><strong>umbris</strong></span> <span class='ocrx_word' id='word_1_132' title='bbox 711 2401 774 2478; x_wconf 86' lang='lat' dir='ltr'><strong>jam</strong></span> <span class='ocrx_word' id='word_1_133' title='bbox 787 2400 890 2458; x_wconf 90' lang='lat' dir='ltr'><strong>dividit</strong></span> <span class='ocrx_word' id='word_1_134' title='bbox 904 2401 1018 2474; x_wconf 89' lang='lat' dir='ltr'><strong>orbem,</strong></span> 
     </span>
     <span class='ocr_line' id='line_1_21' title="bbox 208 2493 1200 2572; baseline 0 -19"><span class='ocrx_word' id='word_1_135' title='bbox 208 2493 368 2568; x_wconf 81' lang='lat' dir='ltr'><strong>Exercete,</strong></span> <span class='ocrx_word' id='word_1_136' title='bbox 384 2495 450 2567; x_wconf 84' lang='lat' dir='ltr'><strong>viri,</strong></span> <span class='ocrx_word' id='word_1_137' title='bbox 465 2504 579 2568; x_wconf 84' lang='lat' dir='ltr'><strong>tauros,</strong></span> <span class='ocrx_word' id='word_1_138' title='bbox 596 2495 686 2554; x_wconf 85' lang='lat' dir='ltr'><strong>serite</strong></span> <span class='ocrx_word' id='word_1_139' title='bbox 700 2495 815 2554; x_wconf 91' lang='lat' dir='ltr'><strong>hordea</strong></span> <span class='ocrx_word' id='word_1_140' title='bbox 830 2495 954 2572; x_wconf 89' lang='lat' dir='ltr'><strong>campis,</strong></span> <span class='ocrx_word' id='word_1_141' title='bbox 1137 2495 1200 2554; x_wconf 86' lang='grc'><strong>910</strong></span> 
     </span>
     <span class='ocr_line' id='line_1_22' title="bbox 208 2586 1046 2665; baseline 0.001 -19"><span class='ocrx_word' id='word_1_142' title='bbox 208 2586 311 2665; x_wconf 85' lang='lat' dir='ltr'><strong>Usque</strong></span> <span class='ocrx_word' id='word_1_143' title='bbox 325 2589 380 2648; x_wconf 88' lang='lat' dir='ltr'><strong>sub</strong></span> <span class='ocrx_word' id='word_1_144' title='bbox 394 2597 561 2648; x_wconf 84' lang='lat' dir='ltr'><strong>extremum</strong></span> <span class='ocrx_word' id='word_1_145' title='bbox 574 2591 686 2648; x_wconf 85' lang='lat' dir='ltr'><strong>brumae</strong></span> <span class='ocrx_word' id='word_1_146' title='bbox 700 2588 899 2647; x_wconf 85' lang='lat' dir='ltr'><strong>intractabilis</strong></span> <span class='ocrx_word' id='word_1_147' title='bbox 913 2587 1046 2647; x_wconf 83' lang='lat' dir='ltr'><strong>imbrem.</strong></span> 
     </span>
     <span class='ocr_line' id='line_1_23' title="bbox 208 2680 942 2761; baseline -0.001 -21"><span class='ocrx_word' id='word_1_148' title='bbox 208 2680 347 2741; x_wconf 85' lang='lat' dir='ltr'><strong>Necnon</strong></span> <span class='ocrx_word' id='word_1_149' title='bbox 362 2691 391 2741; x_wconf 88' lang='lat' dir='ltr'><strong>et</strong></span> <span class='ocrx_word' id='word_1_150' title='bbox 404 2683 457 2742; x_wconf 91' lang='lat' dir='ltr'><strong>lini</strong></span> <span class='ocrx_word' id='word_1_151' title='bbox 471 2691 605 2761; x_wconf 81' lang='lat' dir='ltr'><strong>segetem</strong></span> <span class='ocrx_word' id='word_1_152' title='bbox 620 2691 648 2741; x_wconf 90' lang='lat' dir='ltr'><strong>et</strong></span> <span class='ocrx_word' id='word_1_153' title='bbox 664 2682 795 2741; x_wconf 85' lang='lat' dir='ltr'><strong>Cereale</strong></span> <span class='ocrx_word' id='word_1_154' title='bbox 810 2701 942 2760; x_wconf 86' lang='lat' dir='ltr'><strong>papaver</strong></span> 
     </span>
     <span class='ocr_line' id='line_1_24' title="bbox 208 2773 1122 2856; baseline 0 -22"><span class='ocrx_word' id='word_1_155' title='bbox 208 2776 339 2854; x_wconf 87' lang='lat' dir='ltr'><strong>Tempus</strong></span> <span class='ocrx_word' id='word_1_156' title='bbox 352 2776 441 2836; x_wconf 90' lang='lat' dir='ltr'><strong>humo</strong></span> <span class='ocrx_word' id='word_1_157' title='bbox 455 2784 570 2856; x_wconf 84' lang='lat' dir='ltr'><strong>tegere,</strong></span> <span class='ocrx_word' id='word_1_158' title='bbox 585 2786 616 2835; x_wconf 89' lang='lat' dir='ltr'><strong>et</strong></span> <span class='ocrx_word' id='word_1_159' title='bbox 631 2776 806 2853; x_wconf 89' lang='lat' dir='ltr'><strong>jamdudum</strong></span> <span class='ocrx_word' id='word_1_160' title='bbox 821 2776 993 2834; x_wconf 90' lang='lat' dir='ltr'><strong>incumbere</strong></span> <span class='ocrx_word' id='word_1_161' title='bbox 1006 2773 1122 2847; x_wconf 87' lang='lat' dir='ltr'><strong>rastris,</strong></span> 
     </span>
     <span class='ocr_line' id='line_1_25' title="bbox 208 2868 958 2946; baseline -0.003 -17"><span class='ocrx_word' id='word_1_162' title='bbox 208 2868 288 2929; x_wconf 91' lang='lat' dir='ltr'><strong>Dum</strong></span> <span class='ocrx_word' id='word_1_163' title='bbox 302 2869 385 2929; x_wconf 69' lang='lat' dir='ltr'><strong>sicori</strong></span> <span class='ocrx_word' id='word_1_164' title='bbox 398 2871 505 2928; x_wconf 90' lang='lat' dir='ltr'><strong>tellure</strong></span> <span class='ocrx_word' id='word_1_165' title='bbox 520 2871 601 2943; x_wconf 91' lang='lat' dir='ltr'><strong>licet,</strong></span> <span class='ocrx_word' id='word_1_166' title='bbox 618 2870 688 2929; x_wconf 90' lang='lat' dir='ltr'><strong>dum</strong></span> <span class='ocrx_word' id='word_1_167' title='bbox 703 2869 807 2929; x_wconf 85' lang='lat' dir='ltr'><strong>nubila</strong></span> <span class='ocrx_word' id='word_1_168' title='bbox 820 2868 958 2946; x_wconf 87' lang='lat' dir='ltr'><strong>pendent.</strong></span> 
     </span>
    </p>

    <p class='ocr_par' dir='ltr' id='par_1_5' title="bbox 175 2960 1199 4074">
     <span class='ocr_line' id='line_1_26' title="bbox 246 2960 1198 3040; baseline 0 -20"><span class='ocrx_word' id='word_1_169' title='bbox 246 2963 328 3022; x_wconf 87' lang='lat' dir='ltr'><strong>Vere</strong></span> <span class='ocrx_word' id='word_1_170' title='bbox 343 2963 419 3023; x_wconf 82' lang='lat' dir='ltr'><strong>sabis</strong></span> <span class='ocrx_word' id='word_1_171' title='bbox 433 2963 531 3023; x_wconf 88' lang='lat' dir='ltr'><strong>satio:</strong></span> <span class='ocrx_word' id='word_1_172' title='bbox 554 2971 616 3022; x_wconf 85' lang='lat' dir='ltr'><strong>tum</strong></span> <span class='ocrx_word' id='word_1_173' title='bbox 630 2976 660 3022; x_wconf 88' lang='lat' dir='ltr'><strong>te</strong></span> <span class='ocrx_word' id='word_1_174' title='bbox 678 2981 809 3040; x_wconf 87' lang='lat' dir='ltr'><strong>quoque,</strong></span> <span class='ocrx_word' id='word_1_175' title='bbox 825 2960 959 3033; x_wconf 88' lang='lat' dir='ltr'><strong>Medica,</strong></span> <span class='ocrx_word' id='word_1_176' title='bbox 976 2969 1079 3040; x_wconf 87' lang='lat' dir='ltr'><strong>putres</strong></span> <span class='ocrx_word' id='word_1_177' title='bbox 1138 2961 1198 3020; x_wconf 79' lang='grc'><strong>915</strong></span> 
     </span>
     <span class='ocr_line' id='line_1_27' title="bbox 209 3055 929 3135; baseline -0.006 -19"><span class='ocrx_word' id='word_1_178' title='bbox 209 3057 368 3135; x_wconf 77' lang='lat' dir='ltr'><strong>Accipiunt</strong></span> <span class='ocrx_word' id='word_1_179' title='bbox 381 3055 468 3129; x_wconf 90' lang='lat' dir='ltr'><strong>sulci,</strong></span> <span class='ocrx_word' id='word_1_180' title='bbox 485 3064 515 3115; x_wconf 87' lang='lat' dir='ltr'><strong>et</strong></span> <span class='ocrx_word' id='word_1_181' title='bbox 529 3057 608 3115; x_wconf 91' lang='lat' dir='ltr'><strong>milio</strong></span> <span class='ocrx_word' id='word_1_182' title='bbox 622 3055 702 3115; x_wconf 90' lang='lat' dir='ltr'><strong>venit</strong></span> <span class='ocrx_word' id='word_1_183' title='bbox 718 3075 818 3114; x_wconf 89' lang='lat' dir='ltr'><strong>annua</strong></span> <span class='ocrx_word' id='word_1_184' title='bbox 831 3073 905 3113; x_wconf 85' lang='lat' dir='ltr'><strong>cura</strong></span> <span class='ocrx_word' id='word_1_185' title='bbox 921 3072 929 3124; x_wconf 88' lang='lat'>;</span> 
     </span>
     <span class='ocr_line' id='line_1_28' title="bbox 210 3147 986 3227; baseline -0.006 -17"><span class='ocrx_word' id='word_1_186' title='bbox 210 3149 364 3211; x_wconf 85' lang='lat' dir='ltr'><strong>Candidus</strong></span> <span class='ocrx_word' id='word_1_187' title='bbox 378 3150 491 3209; x_wconf 86' lang='lat' dir='ltr'><strong>auratis</strong></span> <span class='ocrx_word' id='word_1_188' title='bbox 506 3151 602 3227; x_wconf 85' lang='lat' dir='ltr'><strong>aperit</strong></span> <span class='ocrx_word' id='word_1_189' title='bbox 617 3167 708 3226; x_wconf 90' lang='lat' dir='ltr'><strong>quum</strong></span> <span class='ocrx_word' id='word_1_190' title='bbox 722 3147 863 3207; x_wconf 85' lang='lat' dir='ltr'><strong>cornibus</strong></span> <span class='ocrx_word' id='word_1_191' title='bbox 877 3166 986 3205; x_wconf 90' lang='lat' dir='ltr'><strong>annum</strong></span> 
     </span>
     <span class='ocr_line' id='line_1_29' title="bbox 175 3241 972 3318; baseline -0.005 -14"><span class='ocrx_word' id='word_1_192' title='bbox 175 3259 180 3268; x_wconf 76' lang='grc'><strong>“</strong></span> <span class='ocrx_word' id='word_1_193' title='bbox 207 3245 338 3318; x_wconf 87' lang='lat' dir='ltr'><strong>Taurus,</strong></span> <span class='ocrx_word' id='word_1_194' title='bbox 355 3253 386 3303; x_wconf 89' lang='lat' dir='ltr'><strong>et</strong></span> <span class='ocrx_word' id='word_1_195' title='bbox 400 3263 508 3302; x_wconf 86' lang='lat' dir='ltr'><strong>averso</strong></span> <span class='ocrx_word' id='word_1_196' title='bbox 522 3242 633 3302; x_wconf 86' lang='lat' dir='ltr'><strong>cedens</strong></span> <span class='ocrx_word' id='word_1_197' title='bbox 648 3241 743 3303; x_wconf 88' lang='lat' dir='ltr'><strong>Canis</strong></span> <span class='ocrx_word' id='word_1_198' title='bbox 757 3241 866 3299; x_wconf 89' lang='lat' dir='ltr'><strong>occidit</strong></span> <span class='ocrx_word' id='word_1_199' title='bbox 881 3248 972 3300; x_wconf 86' lang='lat' dir='ltr'><strong>astro.</strong></span> 
     </span>
     <span class='ocr_line' id='line_1_30' title="bbox 208 3336 935 3413; baseline -0.007 -14"><span class='ocrx_word' id='word_1_200' title='bbox 208 3340 247 3399; x_wconf 76' lang='lat' dir='ltr'><strong>At</strong></span> <span class='ocrx_word' id='word_1_201' title='bbox 261 3341 288 3398; x_wconf 91' lang='lat' dir='ltr'><strong>si</strong></span> <span class='ocrx_word' id='word_1_202' title='bbox 301 3340 449 3398; x_wconf 88' lang='lat' dir='ltr'><strong>triticeam</strong></span> <span class='ocrx_word' id='word_1_203' title='bbox 464 3339 493 3397; x_wconf 91' lang='lat' dir='ltr'><strong>in</strong></span> <span class='ocrx_word' id='word_1_204' title='bbox 508 3357 637 3397; x_wconf 89' lang='lat' dir='ltr'><strong>messem</strong></span> <span class='ocrx_word' id='word_1_205' title='bbox 650 3339 833 3413; x_wconf 89' lang='lat' dir='ltr'><strong>robustaque</strong></span> <span class='ocrx_word' id='word_1_206' title='bbox 853 3336 935 3394; x_wconf 87' lang='lat' dir='ltr'><strong>sarra</strong></span> 
     </span>
     <span class='ocr_line' id='line_1_31' title="bbox 209 3429 1199 3508; baseline -0.002 -16"><span class='ocrx_word' id='word_1_207' title='bbox 209 3433 376 3492; x_wconf 80' lang='lat' dir='ltr'><strong>Exercebis</strong></span> <span class='ocrx_word' id='word_1_208' title='bbox 395 3431 527 3504; x_wconf 89' lang='lat' dir='ltr'><strong>humum,</strong></span> <span class='ocrx_word' id='word_1_209' title='bbox 542 3433 673 3508; x_wconf 89' lang='lat' dir='ltr'><strong>solisque</strong></span> <span class='ocrx_word' id='word_1_210' title='bbox 689 3431 814 3489; x_wconf 81' lang='lat' dir='ltr'><strong>instabis</strong></span> <span class='ocrx_word' id='word_1_211' title='bbox 826 3429 950 3500; x_wconf 78' lang='lat' dir='ltr'><strong>aristis3</strong></span> <span class='ocrx_word' id='word_1_212' title='bbox 1139 3431 1199 3490; x_wconf 88' lang='grc'><strong>990</strong></span> 
     </span>
     <span class='ocr_line' id='line_1_32' title="bbox 208 3524 873 3596; baseline -0.006 -10"><span class='ocrx_word' id='word_1_213' title='bbox 208 3527 288 3586; x_wconf 67' lang='lat' dir='ltr'><strong>Ante</strong></span> <span class='ocrx_word' id='word_1_214' title='bbox 302 3527 356 3586; x_wconf 90' lang='lat' dir='ltr'><strong>tibi</strong></span> <span class='ocrx_word' id='word_1_215' title='bbox 368 3527 443 3586; x_wconf 73' lang='lat' dir='ltr'><strong>ane</strong></span> <span class='ocrx_word' id='word_1_216' title='bbox 457 3526 626 3586; x_wconf 76' lang='lat' dir='ltr'><strong>Atlantides</strong></span> <span class='ocrx_word' id='word_1_217' title='bbox 641 3524 873 3596; x_wconf 83' lang='lat' dir='ltr'><strong>abscondentur,</strong></span> 
     </span>
     <span class='ocr_line' id='line_1_33' title="bbox 208 3617 929 3698; baseline -0.006 -17"><span class='ocrx_word' id='word_1_218' title='bbox 208 3622 384 3698; x_wconf 84' lang='lat' dir='ltr'><strong>Gnosiaque</strong></span> <span class='ocrx_word' id='word_1_219' title='bbox 399 3620 531 3682; x_wconf 87' lang='lat' dir='ltr'><strong>ardentis</strong></span> <span class='ocrx_word' id='word_1_220' title='bbox 545 3618 672 3678; x_wconf 85' lang='lat' dir='ltr'><strong>decedet</strong></span> <span class='ocrx_word' id='word_1_221' title='bbox 686 3619 773 3677; x_wconf 90' lang='lat' dir='ltr'><strong>stella</strong></span> <span class='ocrx_word' id='word_1_222' title='bbox 788 3617 929 3689; x_wconf 80' lang='lat' dir='ltr'><strong>Coronae,</strong></span> 
     </span>
     <span class='ocr_line' id='line_1_34' title="bbox 207 3709 1013 3791; baseline -0.007 -17"><span class='ocrx_word' id='word_1_223' title='bbox 207 3713 321 3774; x_wconf 90' lang='lat' dir='ltr'><strong>Debita</strong></span> <span class='ocrx_word' id='word_1_224' title='bbox 336 3713 423 3791; x_wconf 74' lang='lat' dir='ltr'><strong>quim</strong></span> <span class='ocrx_word' id='word_1_225' title='bbox 436 3713 528 3773; x_wconf 89' lang='lat' dir='ltr'><strong>sulcis</strong></span> <span class='ocrx_word' id='word_1_226' title='bbox 543 3713 708 3772; x_wconf 84' lang='lat' dir='ltr'><strong>committas</strong></span> <span class='ocrx_word' id='word_1_227' title='bbox 722 3711 848 3784; x_wconf 86' lang='lat' dir='ltr'><strong>semina,</strong></span> <span class='ocrx_word' id='word_1_228' title='bbox 865 3709 1013 3788; x_wconf 81' lang='lat' dir='ltr'><strong>quimque</strong></span> 
     </span>
     <span class='ocr_line' id='line_1_35' title="bbox 208 3805 905 3887; baseline -0.009 -20"><span class='ocrx_word' id='word_1_229' title='bbox 208 3808 314 3868; x_wconf 72' lang='lat' dir='ltr'><strong>Invitae</strong></span> <span class='ocrx_word' id='word_1_230' title='bbox 329 3828 471 3887; x_wconf 84' lang='lat' dir='ltr'><strong>properes</strong></span> <span class='ocrx_word' id='word_1_231' title='bbox 484 3807 555 3866; x_wconf 89' lang='lat' dir='ltr'><strong>anni</strong></span> <span class='ocrx_word' id='word_1_232' title='bbox 568 3827 650 3885; x_wconf 87' lang='lat' dir='ltr'><strong>spem</strong></span> <span class='ocrx_word' id='word_1_233' title='bbox 665 3805 790 3864; x_wconf 88' lang='lat' dir='ltr'><strong>credere</strong></span> <span class='ocrx_word' id='word_1_234' title='bbox 804 3814 905 3863; x_wconf 71' lang='lat' dir='ltr'><strong>terrae.</strong></span> 
     </span>
     <span class='ocr_line' id='line_1_36' title="bbox 207 3895 1199 3976; baseline -0.005 -15"><span class='ocrx_word' id='word_1_235' title='bbox 207 3903 297 3962; x_wconf 82' lang='lat' dir='ltr'><strong>Multi</strong></span> <span class='ocrx_word' id='word_1_236' title='bbox 311 3911 381 3961; x_wconf 86' lang='lat' dir='ltr'><strong>enta</strong></span> <span class='ocrx_word' id='word_1_237' title='bbox 395 3921 536 3962; x_wconf 87' lang='lat' dir='ltr'><strong>occasum</strong></span> <span class='ocrx_word' id='word_1_238' title='bbox 550 3901 642 3960; x_wconf 81' lang='lat' dir='ltr'><strong>Maiae</strong></span> <span class='ocrx_word' id='word_1_239' title='bbox 656 3895 777 3976; x_wconf 77' lang='lat' dir='ltr'><strong>coepiere</strong></span> <span class='ocrx_word' id='word_1_240' title='bbox 791 3917 799 3955; x_wconf 75' lang='grc' dir='ltr'><em>τ</em></span> <span class='ocrx_word' id='word_1_241' title='bbox 821 3896 876 3955; x_wconf 91' lang='lat' dir='ltr'><strong>sed</strong></span> <span class='ocrx_word' id='word_1_242' title='bbox 889 3895 956 3955; x_wconf 88' lang='lat' dir='ltr'><strong>illos</strong></span> <span class='ocrx_word' id='word_1_243' title='bbox 1138 3897 1199 3956; x_wconf 77' lang='grc'><strong>995</strong></span> 
     </span>
     <span class='ocr_line' id='line_1_37' title="bbox 208 3991 803 4074; baseline -0.008 -19"><span class='ocrx_word' id='word_1_244' title='bbox 208 3995 379 4074; x_wconf 76' lang='lat' dir='ltr'><strong>Expectata</strong></span> <span class='ocrx_word' id='word_1_245' title='bbox 392 4015 482 4074; x_wconf 86' lang='lat' dir='ltr'><strong>seges</strong></span> <span class='ocrx_word' id='word_1_246' title='bbox 496 3995 579 4054; x_wconf 86' lang='lat' dir='ltr'><strong>vanis</strong></span> <span class='ocrx_word' id='word_1_247' title='bbox 593 3993 681 4052; x_wconf 89' lang='lat' dir='ltr'><strong>clusit</strong></span> <span class='ocrx_word' id='word_1_248' title='bbox 695 3991 803 4050; x_wconf 87' lang='lat' dir='ltr'><strong>aristis.</strong></span> 
     </span>
    </p>
   </div>
   <div class='ocr_carea' id='block_1_3' title="bbox 209 4083 1199 4452">
    <p class='ocr_par' dir='ltr' id='par_1_6' title="bbox 209 4083 1199 4452">
     <span class='ocr_line' id='line_1_38' title="bbox 249 4083 1005 4168; baseline -0.012 -18"><span class='ocrx_word' id='word_1_249' title='bbox 249 4090 282 4150; x_wconf 91' lang='lat' dir='ltr'><strong>Si</strong></span> <span class='ocrx_word' id='word_1_250' title='bbox 295 4089 366 4150; x_wconf 81' lang='lat' dir='ltr'><strong>verb</strong></span> <span class='ocrx_word' id='word_1_251' title='bbox 381 4090 547 4168; x_wconf 78' lang='lat' dir='ltr'><strong>viciamque</strong></span> <span class='ocrx_word' id='word_1_252' title='bbox 562 4107 647 4147; x_wconf 88' lang='lat' dir='ltr'><strong>seres</strong></span> <span class='ocrx_word' id='word_1_253' title='bbox 661 4087 809 4162; x_wconf 82' lang='lat' dir='ltr'><strong>vilemque</strong></span> <span class='ocrx_word' id='word_1_254' title='bbox 822 4083 958 4163; x_wconf 82' lang='lat' dir='ltr'><strong>faselum,</strong></span> <span class='ocrx_word' id='word_1_255' title='bbox 998 4129 1005 4141; x_wconf 85' lang='lat'><strong>.</strong></span> 
     </span>
     <span class='ocr_line' id='line_1_39' title="bbox 209 4179 918 4261; baseline -0.013 -16"><span class='ocrx_word' id='word_1_256' title='bbox 209 4184 238 4245; x_wconf 88' lang='lat' dir='ltr'>N</span> <span class='ocrx_word' id='word_1_257' title='bbox 240 4203 276 4243; x_wconf 90' lang='lat' dir='ltr'><strong>ec</strong></span> <span class='ocrx_word' id='word_1_258' title='bbox 289 4184 458 4244; x_wconf 76' lang='lat' dir='ltr'><strong>Pelusiacae</strong></span> <span class='ocrx_word' id='word_1_259' title='bbox 472 4202 578 4243; x_wconf 88' lang='lat' dir='ltr'><strong>curam</strong></span> <span class='ocrx_word' id='word_1_260' title='bbox 590 4181 791 4261; x_wconf 85' lang='lat' dir='ltr'><strong>aspernabere</strong></span> <span class='ocrx_word' id='word_1_261' title='bbox 806 4179 894 4238; x_wconf 90' lang='lat' dir='ltr'><strong>lentis</strong></span> <span class='ocrx_word' id='word_1_262' title='bbox 909 4199 918 4250; x_wconf 89' lang='lat'>;</span> 
     </span>
     <span class='ocr_line' id='line_1_40' title="bbox 209 4274 998 4354; baseline -0.008 -16"><span class='ocrx_word' id='word_1_263' title='bbox 209 4277 302 4338; x_wconf 89' lang='lat' dir='ltr'><strong>Haud</strong></span> <span class='ocrx_word' id='word_1_264' title='bbox 317 4281 446 4338; x_wconf 87' lang='lat' dir='ltr'><strong>obscura</strong></span> <span class='ocrx_word' id='word_1_265' title='bbox 459 4278 571 4338; x_wconf 86' lang='lat' dir='ltr'><strong>cadens</strong></span> <span class='ocrx_word' id='word_1_266' title='bbox 586 4277 679 4336; x_wconf 86' lang='lat' dir='ltr'><strong>mittet</strong></span> <span class='ocrx_word' id='word_1_267' title='bbox 693 4274 746 4333; x_wconf 86' lang='lat' dir='ltr'><strong>tibi</strong></span> <span class='ocrx_word' id='word_1_268' title='bbox 764 4275 852 4354; x_wconf 87' lang='lat' dir='ltr'><strong>signa</strong></span> <span class='ocrx_word' id='word_1_269' title='bbox 864 4274 976 4334; x_wconf 80' lang='lat' dir='ltr'><strong>Bobtes</strong></span> <span class='ocrx_word' id='word_1_270' title='bbox 990 4293 998 4332; x_wconf 72' lang='grc' dir='ltr'><strong>ε</strong></span> 
     </span>
     <span class='ocr_line' id='line_1_41' title="bbox 210 4367 1199 4452; baseline -0.006 -21"><span class='ocrx_word' id='word_1_271' title='bbox 210 4367 323 4452; x_wconf 88' lang='lat' dir='ltr'><strong>Incipe,</strong></span> <span class='ocrx_word' id='word_1_272' title='bbox 338 4373 423 4432; x_wconf 87' lang='lat' dir='ltr'><strong>etad</strong></span> <span class='ocrx_word' id='word_1_273' title='bbox 442 4372 557 4432; x_wconf 89' lang='lat' dir='ltr'><strong>medias</strong></span> <span class='ocrx_word' id='word_1_274' title='bbox 570 4378 735 4431; x_wconf 88' lang='lat' dir='ltr'><strong>sementem</strong></span> <span class='ocrx_word' id='word_1_275' title='bbox 747 4369 874 4428; x_wconf 77' lang='lat' dir='ltr'><strong>extende</strong></span> <span class='ocrx_word' id='word_1_276' title='bbox 887 4369 1019 4447; x_wconf 86' lang='lat' dir='ltr'><strong>pruinas.</strong></span> <span class='ocrx_word' id='word_1_277' title='bbox 1138 4367 1199 4425; x_wconf 77' lang='grc'><strong>900</strong></span> 
     </span>
    </p>
   </div>
   <div class='ocr_carea' id='block_1_4' title="bbox 0 0 1596 5234">
    <p class='ocr_par' dir='ltr' id='par_1_7' title="bbox 0 0 1596 5234">
     <span class='ocr_line' id='line_1_42' title="bbox 0 0 1596 5234; baseline 0 0"><span class='ocrx_word' id='word_1_278' title='bbox 0 0 1596 5234; x_wconf 95' lang='lat' dir='ltr'><strong> </strong></span> 
     </span>
    </p>
   </div>
  </div>
 </body>
</html>
