3167 5234
348 557 387 616 54
627 550 654 598 Ρ.
678 548 847 596 VIRGiLll
869 547 1043 598 MARONIS

345 689 428 750 Ante
446 690 545 749 locum
558 689 684 748 similem
698 689 869 766 exquirunt,
882 688 935 748 nbi
947 687 1043 767 prime
1055 694 1179 765 peretur

348 785 515 844 Arboribus
529 803 629 863 seges,
644 793 674 844 et
688 783 747 860 qud
761 803 831 842 mox
843 783 963 861 digesta
974 782 1109 852 feretur-3

347 879 496 938 Mntstsm
510 879 647 958 ignorent
661 876 759 936 subitd
773 897 813 936 ne
826 877 941 937 nmine
953 885 1089 937 nistrem.

349 971 432 1039 Quin
445 973 536 1032 etiem
550 971 620 1031 coeli
633 971 786 1050 regionem
799 971 832 1028 in
844 970 957 1030 cortice
970 970 1092 1048 signent
1104 987 1113 1039 3

348 1065 400 1138 Ut,
418 1085 476 1144 quo
491 1084 618 1143 quaeque
632 1065 719 1124 modo
734 1065 860 1136 steterit,
875 1063 937 1141 qut
950 1072 1034 1143 purte
1047 1064 1166 1124 celeres
1276 1065 1337 1125 270

349 1160 508 1219 Austrinos
525 1159 637 1230 tulerit,
654 1178 721 1236 quse
734 1166 823 1236 terge
834 1159 997 1217 obverterit
1010 1160 1071 1231 ui,

349 1253 523 1312 Restituunt
537 1273 546 1310 t
569 1253 646 1311 sded
661 1254 692 1312 in
704 1252 818 1311 teneris
830 1270 1031 1310 consuescere
1044 1252 1168 1312 multum
1180 1260 1227 1312 est
1238 1253 1245 1311 !

390 1346 539 1419 Collibus,
555 1367 593 1406 sn
608 1347 697 1425 pleno
710 1345 818 1404 melibs
830 1344 869 1403 sit
887 1363 999 1422 ponere
1012 1344 1103 1404 vitem

350 1440 464 1508 Quaere
478 1439 569 1519 priirs.
611 1440 643 1498 Si
658 1439 777 1518 pinguis
790 1458 881 1516 egros
894 1441 1047 1498 metabere
1059 1438 1168 1516 compi,

349 1534 456 1593 Dense
470 1553 538 1593 sere
551 1553 559 1604 3
583 1534 613 1592 in
627 1533 721 1592 denso
734 1551 793 1591 non
807 1533 929 1611 segnior
941 1533 1035 1591 ubere
1047 1532 1210 1592 Bsccbus:
1277 1533 1337 1590 2⁷5

351 1628 403 1686 Sin
417 1628 537 1686 tumulis
551 1627 667 1688 eoolive
681 1627 776 1686 solnm
790 1627 944 1702 collesque
957 1627 1090 1703 supinos,

351 1720 478 1800 indulge
493 1721 645 1781 ordinibus
662 1739 669 1790 ς
693 1739 750 1778 neo
763 1719 865 1778 seciirs
877 1719 973 1778 omnis
986 1720 1016 1778 in
1030 1737 1161 1797 unguem

351 1813 520 1874 Arboribus
540 1815 644 1893 positis
656 1823 740 1874 secto
755 1815 805 1872 vis
817 1813 910 1871 limite
924 1812 1059 1889 quadret.

243 1977 249 1992 Β
351 1907 392 1965 Ut
406 1907 498 1985 ssepd,
515 1908 628 1986 ingenti
648 1908 726 1968 bello
741 1925 832 1984 quum
846 1907 937 1984 longo
949 1905 1089 1964 cobortes

351 2001 503 2080 Explicuit
521 2003 611 2081 legio,
628 2010 658 2060 et
672 2020 777 2079 cumpo
791 2001 872 2060 stetit
885 2019 993 2078 agmen
1008 2009 1123 2078 operto,
1278 2000 1339 2058 900

351 2094 547 2172 Directoeque
562 2095 653 2167 ecies,
670 2113 707 2154 ec
720 2095 780 2154 late
794 2094 918 2153 fluctuet
935 2094 1032 2152 omnis

352 2189 432 2250 AEre
446 2189 593 2248 renidenti
605 2190 695 2248 tellus
708 2208 715 2258 ;
739 2189 868 2247 necdum
881 2188 1003 2246 horrido
1014 2188 1142 2247 miscent

352 2281 476 2353 Proelia,
492 2282 546 2342 sed
559 2281 667 2342 dubins
680 2283 785 2340 mediis
797 2282 884 2340 Mers
897 2282 1021 2342 erratio
1034 2281 1145 2340 armis:

351 2375 462 2434 Omnia
475 2375 533 2434 sint
547 2376 668 2452 peribus
681 2376 814 2435 numeris
826 2375 961 2434 dimenso
973 2375 1088 2432 vierum
1103 2393 1113 2443 ς

351 2468 381 2528 N
383 2487 422 2527 on
436 2467 565 2527 enimum
578 2467 665 2528 modd
680 2467 724 2528 uti
738 2476 843 2546 poscet
856 2477 1033 2546 prospectus
1045 2468 1175 2540 inanem,
1277 2468 1354 2526 285·

353 2563 412 2620 Sed
428 2563 499 2639 quie
513 2583 572 2622 non
586 2563 674 2622 aliter
687 2563 767 2622 vires
779 2563 862 2621 debit
875 2562 1012 2621 omnibus
1025 2581 1128 2638 seques

351 2657 460 2728 Terre,
476 2675 575 2733 neque
588 2657 618 2714 in
632 2675 761 2716 vacuum
775 2663 913 2733 poterunt
925 2673 960 2714 se
973 2655 1134 2714 extendere
1147 2655 1233 2716 retni.

391 2748 532 2809 Forsitan
546 2759 587 2821 et,
602 2750 758 2808 scrobibus
772 2768 841 2824 qum
854 2748 913 2806 sint
930 2747 1061 2826 lastigie,
1077 2766 1206 2825 queres.
1330 2799 1333 2802 ,

352 2844 458 2902 Ausim
471 2843 519 2902 vei
532 2842 616 2902 tenui
628 2843 717 2902 vitem
731 2841 915 2900 committere
930 2842 1023 2902 sulco.

352 2937 450 2996 Altior
464 2955 500 2994 ec
514 2935 632 3014 penitius
645 2943 734 2996 terres
747 2935 889 3013 deligitur
902 2937 992 2994 orbos
1007 2954 1015 3004 ;
1279 2935 1340 2992 000
1354 3003 1358 3011 ¹

353 3029 502 3089 AEsoulus
515 3029 545 3088 in
559 3028 672 3106 primis,
689 3047 756 3104 quae
771 3027 914 3105 quentirm
927 3028 1041 3086 vertice
1054 3027 1094 3087 nd
1106 3045 1199 3088 eures

353 3121 522 3193 AEtberies,
537 3121 651 3180 lentim
664 3121 766 3180 redies
782 3122 813 3178 in
825 3121 957 3180 Tertere
970 3121 1073 3182 tendit.

352 3215 437 3295 Ergo
453 3235 512 3274 non
527 3215 640 3274 hiemes
654 3215 745 3286 illem,
761 3214 942 3288 muliebre,
957 3233 1056 3292 neque
1069 3215 1190 3287 imbres,

354 3308 535 3371 convellunt
549 3327 557 3378 ;
581 3309 702 3368 immoto
715 3318 826 3380 menet,
842 3310 1010 3385 multosque
1024 3316 1160 3386 nepotes,

352 3400 451 3461 Mults
462 3399 558 3460 virrim
571 3402 694 3462 volvens
708 3400 843 3460 durando
857 3402 980 3474 secute,
995 3401 1087 3463 vincit
1102 3420 1109 3460 :
1279 3403 1339 3460 295

352 3495 431 3554 Tum
445 3494 537 3553 fortes
550 3493 610 3552 lete
625 3513 724 3554 remos
737 3502 767 3552 et
780 3495 906 3554 brechio
918 3495 1044 3554 tendens

352 3588 426 3649 Huc
440 3589 522 3661 illuc,
537 3589 636 3647 medie
655 3587 720 3665 ipse
734 3588 885 3666 ingentem
898 3589 1025 3648 sustinet
1039 3590 1182 3648 umbrem.

392 3683 477 3743 Neve
491 3683 545 3741 tibi
558 3682 597 3740 ed
610 3682 704 3742 solem
717 3691 844 3760 vergunt
858 3682 959 3742 vincte
971 3682 1131 3742 cedentem
1145 3701 1154 3753 ;

352 3776 439 3837 Neve
453 3777 531 3836 inter
544 3777 621 3836 vites
634 3776 768 3854 corylum
781 3794 870 3845 sere3
892 3795 968 3834 neve
981 3775 1117 3855 flagella,

353 3873 474 3930 Summe
488 3877 566 3948 pete,
583 3877 635 3930 sut
648 3867 765 3930 summi
777 3868 931 3947 desti-inge
944 3887 983 3928 ex
996 3872 1104 3928 urbere
1118 3871 1236 3948 plentes
1250 3889 1260 3942 3
1281 3872 1342 3930 000

352 3961 469 4022 Tantus
484 3981 567 4021 emor
579 3973 669 4022 tertre
685 3966 691 4021 t
713 3983 772 4022 neu
786 3963 867 4021 ferro
880 3961 956 4022 tede
971 3972 1072 4020 retuso

353 4057 474 4116 Seruius
490 4075 497 4127 ;
521 4075 597 4116 neve
611 4058 684 4116 olere
700 4058 853 4117 silvestres
866 4057 967 4116 insere
979 4066 1102 4116 truncos
1118 4075 1126 4114 :

352 4150 380 4210 N
384 4169 432 4208 em
446 4150 526 4228 smpd
541 4149 669 4212 incuntis
683 4150 853 4228 pastoribus
865 4151 975 4210 excidit
989 4150 1079 4227 ignis,

353 4242 424 4316 Qui,
442 4242 542 4302 furtim
554 4242 658 4321 pingui
672 4243 797 4320 primirm
811 4246 866 4302 sub
880 4243 993 4302 cortice
1006 4251 1117 4316 tectus,

351 4335 476 4398 Robore
489 4335 683 4415 comprendit,
699 4336 879 4414 frondesque
893 4337 1014 4414 elapsus
1027 4337 1059 4398 in
1072 4338 1149 4399 nites
1279 4340 1341 4399 ³05
