3167 5234
560 538 736 590 AEltmnos
755 538 824 589 mn.
840 536 886 587 11.

226 680 402 759 Agroecunt
415 677 523 738 faciem
536 679 661 737 urinam
674 688 766 755 atque
778 678 920 737 immania
932 676 1066 738 membra

226 773 351 832 'lirrbeti
365 772 463 831 eubitd
474 772 635 830 AEneadoe.
676 769 755 829 Tum
768 770 926 829 Pandarus
939 772 1047 851 ingene

225 866 355 937 Emicat,
370 875 412 936 et,
426 866 530 923 mortio
542 864 682 922 fraterne
695 864 827 944 torridus
841 862 896 936 iri,

224 957 366 1017 Edatur:
386 958 456 1016 Non
469 958 535 1016 haic
548 957 654 1015 dotalie
667 958 753 1035 regia
765 959 893 1029 Amette,

224 1051 293 1111 Nec
306 1052 398 1109 muris
412 1052 531 1109 cohibet
545 1051 648 1128 petriir
661 1051 759 1109 media
773 1051 880 1109 Ardea
896 1050 1041 1111 Turnum.

226 1144 338 1205 Caetra
351 1145 470 1203 inimica
482 1144 565 1202 vider
581 1163 589 1214 ;
613 1145 695 1202 nulla
708 1144 779 1202 binc
791 1145 874 1203 exire
889 1154 1030 1223 poteelae.

223 1238 285 1297 Olli
298 1238 457 1297 subridens
468 1238 572 1295 cedato
586 1249 706 1315 pectore
719 1239 861 1297 Tamne:

224 1330 340 1408 Incipe,
355 1332 381 1389 ri
396 1349 456 1408 qna
467 1332 565 1389 aniano
578 1332 683 1403 virtue,
699 1340 729 1389 et
742 1350 868 1391 consere
882 1332 1039 1405 dextram

224 1424 287 1483 Hic
301 1426 390 1482 etiam
405 1425 554 1482 inventum
568 1424 688 1483 Priamo
702 1427 840 1485 narrabis
853 1427 1011 1487 Achillen.

223 1518 351 1577 Dixerat
364 1538 371 1575 :
393 1518 444 1575 ille
456 1518 561 1575 rudem
574 1518 659 1576 nodie
671 1527 701 1576 et
715 1519 827 1577 cortice
842 1519 935 1578 crudo

224 1611 380 1687 Intorquet
394 1612 514 1669 summio
528 1612 654 1669 adnixus
667 1613 780 1670 viribus
793 1613 918 1672 hastam.

224 1702 382 1781 Excepere
396 1724 478 1762 auree
492 1705 620 1775 vnlnne3
644 1706 784 1763 Samrnia
796 1705 877 1763 Juno

223 1797 359 1856 Detoreit
373 1798 495 1855 veniens
508 1816 516 1867 ;
540 1806 694 1875 portaque
706 1799 839 1876 infigitur
853 1799 949 1859 hasta.

224 1890 266 1949 At
279 1910 340 1948 non
353 1890 525 1961 hoctelum,
540 1910 608 1949 nea
622 1892 701 1967 qnod
715 1892 744 1949 vi
756 1892 881 1949 dextere
894 1899 1004 1965 vereat,

223 1982 361 2061 Ellirgiee
376 2003 384 2052 ;
406 2002 505 2060 neque
519 1986 598 2042 enim
611 1986 637 2042 ie
649 1985 702 2043 teli
714 2004 772 2043 nec
785 1986 918 2043 vulneris
931 1994 1045 2047 auctor.

225 2077 275 2135 Sie
288 2077 340 2147 eit,
357 2085 386 2134 et
399 2078 548 2135 sublatum
561 2078 620 2137 alit
634 2079 788 2156 consurgit
801 2079 831 2137 in
845 2096 957 2151 ensem,

223 2168 265 2229 nt
276 2170 406 2228 mediam
417 2170 498 2229 ferro
511 2172 632 2249 gemina
645 2172 722 2229 inter
733 2181 868 2249 tempora
881 2172 1007 2232 frontem

224 2262 348 2335 Dividit,
363 2264 557 2341 impubesque
571 2266 691 2323 immani
704 2265 826 2323 vulnere
840 2267 944 2325 malae.

224 2357 272 2417 Fit
285 2378 378 2417 aonue
391 2402 399 2427 ‚
421 2360 535 2437 ingenti
548 2378 697 2418 concurre
709 2371 756 2417 eet
770 2361 900 2437 pondere
915 2361 1003 2419 tellus
1014 2378 1022 2417 ε

226 2450 385 2529 Collapeoe
397 2460 480 2510 artus
494 2460 586 2528 atquc
599 2472 683 2510 arma
696 2459 821 2510 cruenta
834 2455 961 2511 cerebro

225 2544 334 2603 Sternit
348 2544 429 2603 humi
441 2546 592 2614 moricum
616 2555 707 2621 atque
722 2546 764 2603 illi
778 2546 912 2623 partibus
927 2546 1021 2623 requie

224 2636 296 2696 Huc
310 2647 399 2715 capnt
413 2647 502 2714 atque
516 2639 587 2696 illue
601 2639 724 2695 humero
737 2658 776 2696 ex
789 2646 915 2715 utroque
930 2638 1077 2717 pependit.
1150 2637 1212 2698 ¹15⁵
1274 2612 1278 2619 ¹

262 2732 432 2809 Diffugiunt
445 2733 525 2791 verri
537 2732 655 2811 trepidi
667 2733 822 2793 formidine
837 2733 952 2793 Trois:

223 2825 274 2896 Et,
290 2826 316 2883 ei
330 2826 470 2885 continud
484 2826 627 2885 victorem
641 2846 678 2884 ea
690 2845 764 2885 cura
778 2828 919 2898 subimet,

222 2920 376 2995 Rumpere
391 2920 525 2977 claustra
537 2938 637 2990 manu,
653 2920 812 2996 eocioeque
825 2920 982 2983 immittere
996 2920 1099 2999 portia,

223 3012 351 3071 Ultimus
366 3013 415 3070 ille
428 3014 492 3071 dier
505 3013 584 3070 bello
599 3014 740 3090 gentique
758 3014 882 3083 fuissem

224 3107 284 3166 Sed
297 3108 379 3166 furor
393 3108 545 3165 ardentem
559 3109 710 3185 caedisque
724 3111 830 3168 insane
843 3110 952 3187 cupido
1150 3112 1210 3171 ’160

223 3203 295 3281 Egit
310 3205 339 3261 in
354 3204 505 3262 adversor.

223 3296 374 3375 Principio
386 3297 536 3355 Phalerim
550 3306 590 3368 et,
607 3298 858 3376 enceieopoplite,
871 3300 982 3378 Gygen

223 3389 343 3467 Excipit
359 3409 367 3458 ;
390 3390 459 3450 hinc
473 3398 573 3467 raptae
587 3391 767 3468 fugientibus
781 3393 890 3471 ingerit
904 3393 1006 3451 hastae
1025 3387 1034 3407 '

224 3482 259 3541 In
272 3492 390 3560 tergum
405 3503 412 3540 :
434 3484 514 3541 June
527 3485 606 3542 viree
620 3485 808 3561 animumque
824 3486 978 3546 ministrat.

223 3574 313 3635 Addit
327 3577 440 3653 Halym
455 3578 602 3649 comitem,
619 3587 649 3635 et
661 3577 781 3635 confixi
792 3578 918 3656 Phegea
931 3577 1036 3656 parmi
1051 3598 1060 3649 ;
1150 3576 1211 3636 ¹165

225 3667 352 3748 Ignaros
365 3671 472 3729 deinde
488 3671 517 3729 in
532 3672 633 3742 muris,
651 3672 839 3748 Martemque
855 3674 980 3745 cientes,

223 3764 476 3840 Alcandrumque,
492 3764 687 3841 Haliumque,
702 3766 929 3841 Noimonaque,
944 3764 1158 3843 Prytanimque
1173 3782 1181 3823 t

222 3854 348 3933 Lyncea
361 3858 529 3917 tendentem
543 3859 658 3928 contri,
674 3858 831 3933 sociosque
846 3867 1013 3932 nocentem,

223 3948 361 4008 Vibranti
375 3951 474 4028 gladio
487 3951 633 4008 connixus
646 3953 684 4008 ab
699 3970 812 4029 aggere
832 3952 937 4009 dexter

224 4040 361 4121 Occupat
377 4064 385 4113 3
408 4045 477 4103 huic
491 4062 550 4102 uno
564 4043 713 4119 dejectum
726 4046 890 4103 comminue
905 4046 965 4104 ictu
1151 4044 1211 4106 'rto

226 4134 303 4195 Cum
316 4135 408 4214 galei
420 4138 508 4216 longi
518 4137 613 4213 jacuit
628 4146 726 4215 caput.
768 4138 843 4196 Inde
858 4139 988 4197 seramm

223 4228 416 4288 vastatorem
429 4232 587 4308 Amycum,
604 4244 663 4307 qno
676 4250 735 4290 non
749 4232 865 4291 felicior
878 4233 955 4291 alter

223 4318 347 4401 Ungere
361 4324 423 4382 tole
435 4344 535 4396 manu,
551 4325 721 4402 ferrumque
735 4346 852 4385 armare
866 4342 982 4385 venene
996 4344 1006 4384 τ’

533 4421 600 4476 23*
