3167 5234
558 554 734 605 uncinos
753 557 824 605 urs
837 558 870 605 ι
1152 566 1214 624 2¹1³

223 694 406 757 Cassandrae
420 694 564 773 impulsus
577 696 672 755 stiriis.
713 698 795 755 Num
807 697 944 773 linquere
957 703 1059 757 cestra

222 788 343 849 Herteti
358 807 469 860 sumus,
486 796 538 847 eut
552 790 642 848 vitam
656 790 840 849 committere
854 790 950 849 ventis
966 790 977 847 l

222 882 303 942 lium
317 901 410 960 puero
424 900 568 941 summum
582 883 663 955 balli,
679 902 748 943 num
763 884 889 942 credere
901 904 1002 943 muros
1017 884 1029 941 ?
1171 887 1212 947 ⁷0

221 976 448 1054 'l'yrrhenamve
462 976 551 1035 fidem
565 988 616 1036 eut
629 988 735 1056 gentes
750 980 866 1057 agitare
881 979 998 1055 quietas
1012 980 1024 1037 ἓ

223 1068 300 1137 Quis
314 1070 392 1128 deus
407 1070 436 1128 in
450 1070 594 1143 fraudem,
612 1090 679 1147 quio
694 1071 769 1129 dura
783 1072 916 1149 potentia
927 1073 1022 1131 nostri

221 1162 293 1242 Egit
310 1164 321 1219 l
345 1162 406 1221 Ubi
418 1162 469 1221 hic
481 1164 573 1236 June,
590 1164 756 1224 demissave
770 1167 899 1224 nubibus
913 1164 971 1224 Iris
988 1166 1000 1223 i

222 1254 382 1335 Indignum
396 1264 451 1328 est,
469 1256 560 1316 Italos
574 1258 697 1335 Trojum
712 1259 898 1318 circumdare
913 1260 1037 1319 flammis

221 1348 250 1409 N
252 1358 417 1421 asceutem,
433 1358 461 1408 et
474 1352 570 1427 patrii
584 1352 720 1411 Turnum
735 1354 900 1413 consistere
919 1352 1012 1427 terri,

223 1440 283 1502 Cui
295 1442 451 1501 Pilumnus
465 1462 548 1516 avus,
564 1446 615 1503 cui
628 1445 697 1505 dius
710 1444 831 1505 Venilia
844 1455 940 1505 mater
955 1466 962 1504 :

223 1533 314 1607 Quid,
330 1535 397 1595 face
410 1536 559 1613 Trojanos
573 1537 641 1597 atrei
654 1539 713 1599 vim
727 1540 806 1597 serre
818 1539 947 1613 Latinis,

221 1629 305 1687 Arva
318 1630 417 1688 aliens
426 1630 501 1709 jugo
515 1650 661 1708 premere,
678 1642 767 1709 elque
780 1642 918 1693 avertere
933 1633 1050 1711 prades
1064 1633 1075 1691 i

222 1718 314 1795 Quid,
330 1742 453 1782 soceros
467 1725 579 1803 legere,
596 1734 626 1783 et
641 1727 763 1805 gremiis
777 1727 928 1785 abducere
941 1726 1047 1805 pectas
1059 1745 1069 1797 3

221 1814 333 1875 Pacem
347 1836 435 1875 orare
451 1837 550 1891 manu,
564 1819 721 1897 prefigere
736 1821 883 1897 puppibus
897 1820 1004 1878 arma?

220 1906 268 1966 Tu
283 1918 369 1987 potes
382 1910 506 1969 AEuean
521 1912 657 1969 manibus
671 1913 840 1971 subducere
854 1910 992 1985 Graiium,

220 2002 341 2081 Proque
355 2005 420 2063 viro
433 2006 572 2065 nebulam
586 2015 616 2065 et
630 2015 734 2065 ventos
748 2008 910 2067 obtendere
922 2009 1027 2067 inanes
1040 2026 1048 2078 ;

220 2098 260 2158 Et
275 2109 360 2178 potes
374 2102 404 2159 in
417 2102 539 2160 totidem
553 2103 680 2161 classem
695 2112 872 2161 convertere
888 2104 915 2163 N
916 2104 1043 2181 ymplraa
1055 2122 1064 2161 ι

221 2190 285 2251 Nos
300 2194 411 2271 aliquid
424 2195 555 2253 Rutulos
568 2194 672 2253 contri
683 2196 809 2272 juvisse,
824 2196 986 2255 nefandum
999 2204 1044 2255 est
1060 2194 1072 2251 ?

222 2284 338 2345 AEneas
352 2288 475 2366 ignarus
490 2291 595 2348 abest:
618 2290 741 2367 ignarus
755 2298 785 2347 et
805 2291 892 2349 absit.

220 2378 276 2437 Eat
290 2380 413 2459 Paphus
428 2381 611 2458 Idaliumque
625 2382 689 2453 tibi,
706 2390 774 2441 suut
788 2382 850 2441 alta
863 2382 1020 2458 Cythera:

222 2472 303 2541 Quid
318 2474 474 2553 gravidam
487 2476 574 2535 bellis
588 2477 692 2533 urbem
706 2484 736 2533 et
751 2475 844 2533 corda
857 2494 967 2551 aspera
978 2474 1099 2533 tentas?

220 2565 325 2631 Nosne
339 2568 393 2626 tibi
407 2568 502 2627 fluxas
515 2569 656 2648 Phrygias
669 2588 720 2627 rea
734 2578 853 2627 vertera
866 2568 958 2627 suado

221 2658 377 2721 conamur
393 2662 404 2718 i
425 2663 504 2721 nos?
526 2682 564 2721 sn
579 2664 703 2721 miseros
718 2663 768 2739 qui
782 2663 882 2721 Troas
894 2662 1020 2723 Achivis

220 2754 340 2831 Objecit
356 2756 367 2811 ?
389 2755 467 2823 Quae
482 2775 576 2815 causa
588 2756 652 2828 suit,
669 2776 853 2835 consurgere
867 2756 898 2814 in
911 2776 997 2815 arma

220 2846 432 2926 Europamque
445 2850 620 2926 Asiamque,
637 2857 667 2908 et
681 2849 797 2909 foedera
814 2850 932 2907 solvere
945 2850 1024 2907 furto
1040 2848 1051 2905 l

220 2938 272 2998 Me
285 2940 363 2999 duce
377 2942 550 3001 Dardanius
566 2944 702 3020 Spartam
718 2943 899 3021 expugnavit
914 2942 1031 3001 adulter
1046 2941 1057 2999 i

222 3032 283 3093 Aut
297 3054 357 3112 ego
369 3035 431 3095 tela
444 3036 522 3107 dedi,
538 3036 635 3095 fovive
651 3035 801 3114 Cupidine
816 3035 919 3095 bellai

220 3126 297 3186 Tum
312 3129 412 3187 decuit
424 3130 565 3189 metuisse
579 3130 660 3188 tuis:
682 3150 761 3189 nunc
776 3150 845 3189 sera
860 3131 992 3208 querelis

220 3220 313 3281 Haud
324 3222 413 3299 justia
427 3222 571 3301 assurgis,
588 3231 618 3281 at
631 3224 715 3281 irrita
723 3224 826 3301 jurgia
835 3224 944 3299 jactas.

258 3314 385 3373 Talibus
399 3316 504 3373 orabat
517 3315 598 3374 June
614 3335 622 3385 3
647 3316 809 3393 cunctique
821 3316 987 3375 fremebant

222 3405 377 3467 Coelicolae
393 3426 517 3465 essensu
532 3409 635 3466 vario:
658 3428 715 3467 ceu
730 3409 851 3467 flamina
865 3410 970 3485 prima,

221 3499 322 3566 Quum
337 3499 485 3577 deprensa
499 3500 627 3559 fremunt
641 3501 733 3572 silvis,
750 3510 779 3559 at
794 3520 878 3560 coece
891 3501 1025 3559 volutent

220 3592 388 3664 Murmura,
404 3602 545 3653 venturos
559 3596 657 3653 nautis
670 3596 827 3673 prodentia
840 3605 954 3653 ventos.

219 3685 299 3744 Tum
311 3686 404 3745 Pater
417 3688 612 3765 omnipotens,
628 3708 727 3747 rerum
742 3690 791 3747 cui
805 3708 920 3747 summa
933 3695 1076 3764 potestas,
1154 3686 1209 3744 100

221 3777 298 3839 lnlit.
340 3780 388 3839 Eo
402 3780 529 3854 dicante,
546 3780 633 3841 desim
646 3783 751 3841 domus
765 3784 825 3840 alta
838 3781 960 3852 silescit,

220 3872 261 3932 Et
274 3876 452 3934 tremefacta
465 3877 529 3935 solo
542 3876 631 3935 tellus
648 3894 656 3945 ;
680 3876 747 3934 silet
762 3875 874 3933 arduus
887 3874 982 3933 aether
997 3892 1006 3943 ς

219 3966 299 4025 Tum
313 3968 445 4046 Zephyri
460 3967 588 4047 posuere
605 3988 612 4038 ;
636 3969 741 4047 premit
756 3968 874 4045 placida
888 3986 1011 4044 aequora
1024 3974 1141 4044 pontus.

260 4060 398 4140 Accipite
413 4082 497 4141 ergo,
514 4062 620 4121 animis
633 4070 722 4138 atque
737 4062 802 4119 lraec
816 4080 884 4119 mea
897 4060 979 4139 figite
992 4059 1083 4121 dicte.

219 4154 472 4233 Quandoquidem
486 4155 638 4215 Ausonios
652 4155 793 4233 conjungi
809 4154 922 4213 l'oedere
941 4153 1070 4213 Teucria
1152 4157 1207 4213 105

216 4246 311 4307 Haud
326 4249 450 4321 licitum,
464 4269 520 4308 nec
535 4256 636 4307 vestm
648 4248 725 4324 capit
741 4246 891 4307 discordia
903 4246 992 4306 linem
1008 4266 1016 4318 ;

218 4342 298 4413 Quae
313 4345 423 4421 cuique
438 4354 484 4403 est
498 4346 616 4404 fortuna
628 4343 728 4416 hodie,
745 4362 834 4419 quem
849 4343 974 4420 quisque
989 4352 1073 4403 secat
1087 4362 1181 4423 spem,

904 4451 930 4494 11
