3167 5234
358 560 398 617 70
641 550 668 598 Ρ.
689 548 856 597 vinorum
880 547 1054 597 usaoms

358 690 491 770 Quoque
504 688 581 749 redit
594 688 723 749 medium
736 687 884 766 Rhodope
896 695 1036 766 porrecta
1049 688 1106 747 sub
1118 704 1216 747 axem.

361 786 428 847 Illic
442 786 546 845 clausa
559 791 660 843 tenent
674 782 800 842 stabulis
813 790 949 840 armentu
961 801 969 851 3
992 798 1091 857 neque
1105 780 1175 839 ullo

358 881 421 938 Aut
433 879 534 939 herbae
548 896 654 956 campo
668 884 824 954 apparent,
841 883 892 933 aut
905 877 1014 933 arbore
1027 873 1149 933 fiondes
1164 893 1173 932 z

360 973 419 1032 Sed
436 974 519 1049 jacet
536 970 698 1050 aggeribus
711 968 806 1029 niveis
819 968 952 1027 informis
965 976 995 1026 et
1008 968 1069 1026 aito

359 1064 458 1125 Terre
475 1066 546 1146 gelu
560 1064 630 1135 istd,
645 1072 820 1141 septemque
833 1062 964 1141 assurgit
977 1062 1008 1121 in
1021 1062 1110 1120 ulnas
1124 1079 1134 1132 ς
1286 1062 1346 1121 365

359 1160 484 1238 Semper
497 1158 603 1229 biems,
619 1175 736 1236 semper
749 1157 898 1234 spirantes
913 1155 1027 1234 frigora
1039 1154 1146 1215 Cauri.

358 1254 437 1311 'lum
452 1253 503 1311 Sol
519 1252 665 1330 pallentes
678 1250 759 1309 haud
772 1268 905 1325 unquam
917 1249 1037 1307 discutit
1050 1250 1173 1307 umbros
1187 1266 1197 1317 3

358 1346 388 1407 N
390 1365 426 1405 ec
443 1364 533 1423 quum
547 1344 682 1403 invectus
696 1343 782 1420 equis
796 1343 889 1402 attum
902 1342 974 1420 petit
988 1343 1111 1413 ethera,
1127 1360 1185 1401 nec
1198 1360 1291 1418 quum

358 1438 547 1518 Praeoipitom
560 1437 677 1497 Oceani
690 1437 781 1495 rubro
795 1437 867 1495 lavit
881 1455 1003 1512 mquore
1015 1454 1146 1497 currum.

359 1531 569 1594 Concrescunt
582 1531 687 1589 subitas
701 1531 834 1589 currenti
847 1531 877 1589 in
890 1530 1011 1589 flumine
1024 1539 1145 1603 crusta,
1285 1532 1346 1589 560

358 1625 506 1701 Undaque
523 1624 586 1701 jem
599 1632 686 1702 tergo
700 1623 829 1683 serratos
841 1624 968 1682 sustinet
981 1626 1081 1695 orbes,

360 1718 513 1797 Puppibus
526 1718 578 1776 ilia
592 1718 683 1795 priua
700 1717 810 1795 patulis
823 1736 902 1775 nunc
916 1716 1033 1794 bospite
1045 1716 1195 1794 plaustris.

359 1810 500 1888 AEraque
514 1810 662 1869 dissiliunt
676 1808 777 1888 vulgd‚
793 1822 953 1886 vestesque
968 1810 1122 1887 rigescunt

360 1904 488 1977 lndutae,
504 1903 682 1980 creduntque
697 1902 854 1961 securibus
867 1902 988 1961 bumidu
1000 1904 1081 1975 vina,

359 1996 400 2057 Et
413 2005 484 2056 totae
498 1996 621 2056 solidam
635 1996 665 2055 in
679 1996 808 2075 glaciem
820 1994 939 2056 vertite
953 1996 1080 2068 lacunar,
1286 1996 1346 2055 865

360 2089 510 2167 Stirieque
525 2089 648 2167 impexis
662 2087 791 2147 induruit
805 2088 926 2147 horrida
938 2088 1048 2148 barbis.

360 2182 481 2241 Interea
493 2191 555 2241 toto
570 2201 629 2239 non
643 2182 743 2241 secius
757 2184 829 2241 adro
842 2180 937 2260 ningit
951 2200 959 2239 ε

360 2274 517 2335 intereunt
535 2275 688 2354 pecudes3
712 2284 791 2335 stant
806 2274 986 2334 circumfusa
998 2275 1112 2354 pruinis

360 2368 498 2447 Corpora
510 2386 620 2447 magne
634 2370 723 2427 boum
740 2388 749 2439 ;
772 2368 968 2444 confertoque
982 2369 1100 2447 agmine
1113 2368 1197 2429 corvi

358 2462 492 2543 Torpent
506 2463 583 2521 mole
598 2462 687 2536 novi,
703 2470 732 2521 et
745 2462 869 2523 summis
881 2462 931 2521 vix
944 2463 1085 2522 cornibus
1098 2470 1225 2525 exstant.
1286 2465 1346 2523 ³⁷0

359 2555 428 2615 Hos
446 2576 504 2615 non
518 2556 653 2615 immissis
667 2557 805 2628 canibus,
820 2576 881 2615 nou
893 2556 1030 2615 cassibus
1042 2556 1122 2629 ullis,

358 2650 539 2709 Puniceaeve
554 2652 668 2730 agitant
682 2652 805 2729 pavidos
818 2652 974 2710 formidine
988 2652 1085 2729 pinnas
1099 2670 1108 2722 ;

361 2743 420 2802 Sed
434 2744 545 2802 frustra
558 2744 724 2821 oppositum
737 2744 892 2803 trudentes
905 2754 1027 2823 pectore
1041 2753 1171 2805 montem

361 2836 537 2897 Comminus
550 2838 729 2895 obtruncant
743 2837 832 2910 ferro,
848 2839 1040 2917 graviterque
1053 2841 1196 2899 rudentes

360 2929 500 3001 Caedunt,
517 2937 546 2988 et
559 2948 668 3008 magm
682 2930 741 2988 ioeti
755 2930 886 2990 clamore
901 2940 1062 3009 reportant.
1286 2934 1347 2993 375

359 3022 374 3081 1
379 3024 422 3101 psi
440 3024 470 3081 in
484 3022 610 3083 defossis
623 3025 774 3101 specubus
787 3045 898 3085 secura
911 3028 967 3085 sub
983 3025 1046 3086 sitsi

359 3116 430 3175 Otis
444 3125 536 3195 agunt
556 3116 649 3189 terrei,
665 3126 870 3197 congestaque
884 3122 1004 3192 robora,
1019 3128 1160 3200 totasque

359 3209 528 3270 Advolvbre
542 3210 617 3269 focis
630 3212 736 3283 ulmos,
752 3212 875 3290 ignique
888 3211 1009 3272 deddre.

358 3300 423 3362 Hic
435 3311 553 3363 noctem
573 3303 642 3363 iudo
657 3302 779 3376 ducunt,
795 3312 825 3363 et
839 3306 946 3383 pocula
960 3305 1021 3365 loeti

357 3396 519 3457 Fermento
534 3406 623 3473 atquo
639 3396 732 3455 scidis
746 3398 900 3458 imitantur
912 3400 992 3457 vitea
1003 3399 1110 3459 sorbis.
1286 3402 1347 3461 sto

357 3488 443 3548 Talis
460 3489 662 3567 Hyperboreo
676 3498 789 3567 septem
803 3490 940 3567 subjecte
955 3492 1044 3551 trioni

358 3582 443 3643 Gens
457 3583 581 3642 edi-mna
594 3579 689 3641 virum
706 3581 834 3661 Rhipaeo
846 3584 980 3643 tunditur
992 3587 1088 3659 Euro,

358 3677 398 3737 Et
413 3676 560 3755 pecudum
574 3676 662 3735 fulvis
677 3675 793 3735 veletur
807 3695 935 3754 corpora
947 3680 1029 3738 sctis.

398 3772 429 3831 Si
443 3772 496 3831 tibi
510 3771 650 3831 lanicium
665 3790 757 3842 curas,
774 3770 900 3848 primum
913 3790 1021 3851 aspera
1033 3774 1119 3847 sides,

357 3865 531 3943 Leppaeque
545 3865 707 3941 tribulique
722 3864 819 3923 absint
834 3884 843 3935 ;
867 3864 938 3944 fuge
953 3868 1062 3944 pabule
1075 3869 1168 3929 latet
1264 3869 1346 3927 -ou5

359 3956 571 4033 Continudque
586 3977 696 4036 greges
710 3957 786 4017 villis
801 3959 869 4036 lege
882 3960 1022 4019 mollibus
1035 3962 1128 4022 eibos.

358 4048 446 4108 Illum
461 4058 571 4121 autem,
588 4051 724 4127 quemvis
738 4052 818 4111 aries
831 4053 868 4111 sit
882 4053 1028 4112 candidus
1041 4055 1117 4131 ipso,

358 4142 388 4203 N
390 4142 456 4220 igrs
470 4144 572 4201 subest
587 4142 645 4202 udo
659 4144 772 4203 tentum
787 4146 837 4205 cui
852 4146 956 4225 lingua
969 4147 1080 4224 pelato,

358 4234 476 4311 Rejice,
493 4254 531 4293 ne
545 4235 671 4294 maculis
689 4236 817 4297 infuscet
830 4241 944 4299 vellera
957 4241 1045 4323 pullis

359 4324 545 4389 Nascenttim
561 4348 569 4399 ;
593 4328 740 4408 plenoque
754 4332 845 4391 elium
858 4334 1056 4413 circumspice
1070 4354 1185 4416 campo.
