3167 5234
567 570 745 622 ENEIDOS
764 574 835 623 LlB.
849 574 886 622 11.

236 714 417 775 clarescunt
429 710 556 784 sonitus,
571 730 781 790 armorumque
793 712 905 792 ingruit
918 712 1033 773 horror.

234 807 381 867 Excutior
393 825 508 877 somno,
523 814 555 865 et
568 806 674 865 summi
688 806 810 885 fastigia
823 808 895 866 tecti

232 902 372 961 Ascensu
386 917 507 977 supero,
524 906 613 975 atque
627 899 754 957 arrectis
767 900 890 959 auribus
904 900 1011 958 adsto:

233 994 269 1053 In
281 1002 418 1073 segetem
431 978 524 1051 veliti
538 1010 628 1069 quum
641 992 771 1064 flamma,
785 992 953 1053 furentibus
966 992 1098 1067 Austris,

232 1086 352 1159 Incidit,
368 1094 421 1146 aut
433 1086 556 1164 rapidus
568 1092 709 1145 nmntsno
722 1087 843 1146 flumine
856 1098 974 1169 torrens
1161 1088 1221 1147 000

232 1181 345 1241 Sternit
359 1200 460 1261 agros,
474 1179 580 1239 sternit
592 1193 661 1239 sata
673 1180 753 1253 leta,
768 1182 917 1258 boumque
932 1181 1063 1254 labores,

232 1272 468 1352 Priscipitesque
481 1274 573 1333 trahit
586 1274 677 1333 silvas
691 1294 699 1345 3
723 1283 821 1353 stupet
838 1274 950 1347 inscius
964 1277 1025 1335 nlto

231 1368 396 1445 Accipions
409 1367 538 1426 sonitum
550 1368 616 1425 saxi
629 1368 667 1425 de
681 1369 795 1428 vertice
810 1377 921 1449 pastor.

231 1460 313 1519 Tum
324 1460 397 1519 verb
410 1461 569 1519 manifesta
581 1460 666 1532 fider,
682 1461 883 1540 Danaumque
898 1469 1054 1541 putescunt

233 1554 364 1615 Insidiae.
405 1556 426 1613 J
427 1575 476 1615 um
491 1556 643 1633 Deiphobi
655 1556 736 1615 dedit
749 1558 849 1635 smpia
862 1541 989 1629 ruinam,
1159 1559 1220 1617 010

232 1650 372 1711 Vulcano
385 1659 557 1729 superante,
574 1652 702 1721 domus3
721 1654 784 1729 jam
803 1654 954 1730 proximus
966 1653 1051 1712 ardet
1152 1686 1157 1699 ·

231 1744 387 1824 Ucalegon
399 1764 408 1815 ;
432 1746 524 1823 Sigea
535 1745 600 1823 igni
612 1744 691 1805 freta
703 1746 765 1805 lata
775 1747 922 1806 relucent.

232 1838 377 1898 Exoritur
389 1840 562 1915 clamorque
575 1839 672 1898 virum
685 1838 870 1919 clangorque
884 1842 1032 1901 tuberum.

232 1934 328 1993 Arma
341 1951 444 1991 amens
456 1934 544 2012 cepio
558 1952 567 2002 ;
590 1951 648 1991 nec
661 1941 709 1991 sat
720 1933 846 1991 rationis
861 1934 890 1991 in
905 1934 995 1993 armis
1009 1952 1018 2003 ;

233 2026 293 2087 Sed
305 2028 475 2106 glomerare
489 2046 608 2087 menum
621 2028 711 2099 bello,
727 2035 758 2086 et
770 2046 953 2087 concurrere
967 2027 998 2087 in
1012 2046 1113 2087 urcem
1161 2028 1220 2087 ³15

234 2120 313 2182 Cum
326 2121 418 2180 sociis
431 2121 538 2179 srdont
552 2122 642 2179 enimi
656 2140 664 2179 ε
686 2122 771 2180 furor
783 2122 888 2197 ireque
902 2129 1030 2179 mentem

232 2213 425 2292 Praecipitant
439 2234 447 2284 3
472 2216 687 2292 pulchrumque
701 2215 777 2273 mori
795 2215 943 2273 succurrit
957 2215 988 2273 in
1001 2214 1101 2273 armis.

270 2308 357 2367 Ecce
371 2315 471 2366 autem
483 2309 552 2366 telis
564 2307 701 2367 Panthus
713 2307 835 2385 elapsus
848 2304 1008 2380 Achiviun,

232 2399 367 2460 Panthus
379 2400 561 2478 Othryades,
578 2402 658 2459 ercis
671 2402 840 2477 Pboebique
853 2400 1009 2471 sacerdos,

233 2494 329 2553 Sacra
340 2514 442 2566 romu,
457 2494 613 2571 victosque
626 2494 710 2565 deos,
727 2512 910 2572 paruumque
925 2500 1074 2571 nepotem,
1163 2492 1223 2551 820

233 2586 302 2667 Ipse
315 2588 417 2659 trahit,
432 2606 584 2663 cursuque
598 2606 702 2646 emens
716 2588 755 2646 sd
771 2586 874 2646 limina
886 2586 989 2647 tendit.

232 2680 303 2749 Quo
317 2700 368 2739 res
381 2698 497 2739 summa
508 2680 586 2752 loco,
602 2681 721 2739 Panthu
738 2681 749 2736 ἒ
771 2698 860 2756 quam
876 2679 1047 2757 prendimus
1060 2678 1185 2739 mecm?

232 2774 291 2833 Vix
304 2793 343 2832 ea
356 2774 436 2833 fatus
449 2792 542 2845 eram,
558 2774 670 2852 gemitu
685 2793 776 2850 quum
788 2773 863 2831 talia
878 2772 974 2831 reddit
989 2790 996 2830 :

231 2866 324 2927 Venit
336 2885 452 2927 summa
464 2867 529 2926 dies
542 2876 572 2927 et
586 2868 777 2926 ineluctabile
789 2874 907 2944 tempus

230 2959 406 3021 Dardanire.
448 2962 574 3020 Fuimus
586 2962 687 3021 Trois
702 2982 710 3032 3
734 2962 789 3021 fuit
804 2961 901 3031 Ilium,
918 2968 949 3019 ct
966 2961 1072 3039 ingens
1137 2960 1222 3057 '826

232 3054 339 3115 Gloria
351 3056 549 3114 Teucrorum.
592 3056 692 3114 Ferus
705 3055 805 3136 omnia
817 3055 936 3133 Jupiter
949 3054 1050 3133 Argos

231 3148 400 3208 'l'ranstulit
413 3168 422 3218 3
445 3147 570 3207 incensis
582 3148 685 3207 Danai
698 3149 887 3207 dominentur
900 3149 931 3206 in
945 3150 1030 3207 urbe.
1158 3191 1163 3200 .

231 3240 355 3300 Ardone
368 3250 500 3299 armatos
513 3240 617 3299 mediis
633 3242 663 3299 in
676 3243 826 3301 moenibus
840 3240 962 3299 adstuns

231 3332 344 3393 Fundit
360 3352 458 3410 equus
471 3353 480 3403 3
502 3334 657 3410 victorque
671 3335 764 3392 Sinon
777 3334 919 3393 incendia
932 3334 1037 3393 miscet

232 3425 386 3485 Insultans
400 3445 408 3482 t
432 3428 524 3504 portis
537 3428 588 3485 ulii
601 3427 802 3505 bipatentibus
817 3427 935 3495 adsunt,
1162 3426 1222 3485 ³³0

232 3517 330 3577 Millia
344 3528 415 3596 quot
428 3520 546 3599 maguis
560 3539 689 3597 unquam
704 3516 815 3579 rendre
834 3520 983 3598 Mycenis.

232 3609 389 3671 Obsedire
403 3612 454 3670 alii
466 3614 536 3671 telis
549 3621 678 3691 auguste
691 3614 807 3671 vieruni

232 3702 391 3781 Oppositi:
414 3714 472 3763 stet
489 3706 561 3764 ferri
575 3706 657 3763 acies
669 3724 812 3779 muprone
826 3724 953 3763 corusco

232 3796 354 3869 Stricta,
370 3806 476 3875 paratu
488 3799 557 3856 neci
570 3818 578 3855 ε
600 3799 649 3857 vix
664 3799 751 3878 primi
762 3798 870 3875 proelia
883 3803 999 3855 tentant

230 3888 389 3950 Portarum
403 3890 520 3969 vigiles,
536 3901 566 3949 et
580 3911 663 3950 coeoo
676 3891 776 3949 Marte
789 3890 942 3947 resistunt.
1161 3888 1221 3947 005
1308 3932 1314 3943 .

270 3983 397 4041 Talibus
410 3984 574 4061 Othryadae
587 3984 675 4043 dictis
688 3993 719 4042 et
735 3984 856 4042 numine
871 3978 972 4041 divum

233 4074 270 4134 In
283 4077 416 4135 flammas
429 4086 459 4135 et
473 4078 504 4136 in
520 4098 605 4136 arma
618 4078 707 4149 feror,
727 4076 786 4155 qud
800 4077 894 4135 tristis
907 4076 1050 4153 Erinnys,
1068 4134 1070 4143 ,

233 4168 303 4236 Quo
317 4170 451 4229 fremitus
464 4180 563 4241 vocat,
579 4180 609 4229 et
622 4172 758 4231 sublatus
772 4171 810 4230 ad
826 4170 939 4230 oethera
952 4171 1073 4232 elamor.

231 4260 355 4321 Addunt
368 4282 402 4321 se
417 4265 516 4322 socios
528 4265 666 4342 Rhipeus
680 4274 711 4323 et
724 4265 870 4324 maximus
884 4265 974 4324 annis

230 4354 350 4433 Epytus
364 4374 372 4427 ;
395 4358 487 4416 oblati
500 4378 555 4438 per
567 4360 668 4417 lunum
681 4358 882 4437 Hypanisque
894 4359 1083 4438 Dymasque,
1161 4360 1221 4420 340
