3167 5234
349 569 404 629 ιω
634 563 661 611 r.
680 563 846 611 vrncrnrr
870 562 1042 611 minoris

348 704 377 763 N
379 722 416 761 eo
429 722 489 761 non
503 711 532 761 et
547 701 633 779 Tyrii
646 722 701 781 per
713 704 816 761 limina
830 704 899 763 laeta
911 702 1084 779 frequentes

349 796 540 869 Convenere,
556 798 629 856 toris
645 798 724 873 jussi
736 798 925 857 discumbere
940 797 1036 875 pictis.

348 891 499 950 Mirantur
512 892 590 950 dona
603 892 715 950 AEneoe
728 911 735 961 ;
759 894 904 951 mirantur
918 892 1025 961 lulum,

347 985 591 1063 Flagrantesque
604 986 653 1043 dei
668 986 777 1057 vultus,
793 986 993 1061 simulataque
1008 984 1110 1055 rerba,

348 1078 535 1156 Padumque,
552 1089 582 1138 et
595 1080 706 1156 pictum
719 1099 828 1138 croceo
842 1080 979 1138 velamen
993 1077 1131 1137 acantho.

349 1173 506 1251 Precipud
521 1174 632 1245 infelix,
648 1173 726 1251 pesti
741 1174 850 1231 devota
864 1173 981 1243 suturae,

349 1266 475 1345 Expleri
487 1276 616 1326 mentem
630 1268 744 1343 nequit,
760 1266 951 1342 ardescitque
966 1265 1087 1337 tuendo,

349 1361 529 1430 Phoenissa3
553 1370 584 1418 et
597 1361 710 1438 pariter
723 1380 817 1438 puero
831 1359 975 1435 donisque
996 1366 1140 1418 movetur.

350 1452 417 1525 Ille,
434 1454 485 1512 ubi
499 1455 659 1531 complexu
668 1454 781 1512 AEneoe
795 1454 933 1529 colloque
948 1452 1097 1530 pependit,

350 1547 392 1607 Et
405 1567 547 1627 magnum
560 1548 627 1606 salsi
639 1548 770 1625 implevit
783 1546 928 1625 genitoris
942 1565 1083 1617 amorem,

351 1641 502 1719 Reginam
515 1642 596 1721 petit.
638 1641 718 1699 Haec
731 1640 837 1711 oculis,
853 1640 919 1698 haeo
934 1647 1054 1717 pectore
1069 1648 1131 1698 toto

351 1734 470 1806 Haeret,
486 1744 516 1793 et
530 1711 679 1793 iitdrdinii'
691 1734 806 1812 gremio
819 1733 899 1791 fovet
917 1753 924 1802 ;
955 1734 1050 1791 inscia
1063 1732 1154 1805 Dido,

352 1828 465 1887 insidat
480 1837 609 1905 quantus
622 1829 740 1887 miserm
753 1828 829 1885 deus
842 1831 849 1885 t
890 1828 931 1887 At
946 1846 1059 1887 memor
1072 1828 1121 1885 ille

350 1922 458 1981 Matris
473 1922 630 1993 Acidaliae,
646 1922 789 2000 paulatim
804 1921 924 1979 abolere
940 1922 1099 1997 Syohoeum

352 2015 472 2094 Incipit,
488 2028 517 2073 et
531 2016 598 2074 vivo
612 2024 707 2074 tentat
721 2023 901 2094 praevertere
917 2033 1019 2074 amore

351 2111 421 2171 Jam
436 2111 549 2189 pridem
562 2110 678 2172 resides
692 2111 806 2169 animos
818 2110 1004 2191 desuetaque
1019 2110 1119 2170 corda.

393 2203 556 2281 Postquam
570 2206 666 2283 prima
679 2205 764 2281 quies
777 2204 884 2281 epulis,
900 2222 1073 2281 mensaeque
1087 2212 1219 2275 remote,

353 2297 500 2358 Crateras
514 2317 639 2376 magnos
652 2308 797 2369 statuunt,
814 2306 844 2356 et
859 2298 929 2356 vina
941 2306 1095 2357 coronant.

351 2391 402 2452 Fit
416 2393 557 2469 strepitus
571 2393 670 2463 tectis,
686 2412 852 2469 vocemque
867 2412 921 2471 per
934 2393 1034 2469 ampla
1047 2394 1180 2451 volutant

351 2485 459 2544 Atria:
482 2485 651 2563 dependent
665 2486 766 2562 lychni
780 2486 974 2563 laquearibus
988 2486 1089 2544 aureis

353 2578 486 2651 Incensi,
501 2587 531 2637 et
545 2589 663 2637 noctem
680 2580 806 2637 flammis
821 2580 932 2637 funalia
946 2580 1078 2639 vincunt.

352 2672 417 2732 Hic
430 2674 537 2751 regina
550 2692 673 2750 gravem
688 2673 814 2751 gemmis
828 2692 963 2750 auroque
978 2674 1121 2750 poposcit,

353 2764 550 2844 implevitque
562 2786 654 2838 mero,
672 2776 815 2844 pateram,
833 2787 921 2844 quam
935 2768 1028 2825 Belus
1041 2774 1071 2826 et
1086 2786 1189 2826 omnes

351 2861 382 2919 A
394 2860 471 2919 Belo
483 2861 572 2919 soliti.
611 2859 690 2919 Tum
704 2862 786 2919 sacta
799 2861 917 2919 silentia
929 2860 1017 2919 tectis
1031 2880 1038 2918 :

352 2953 481 3031 Jupiter,
497 2954 664 3031 hospitibus
677 2974 746 3013 nam
759 2964 789 3013 te
804 2953 877 3013 dare
893 2955 964 3030 jura
977 2947 1149 3031 loquuntur,

353 3045 446 3105 Hunc
460 3047 562 3105 laetum
573 3048 736 3125 Tyriisque
750 3048 828 3106 diem
840 3048 994 3125 Trojrlque
1009 3048 1150 3125 prosectis

352 3138 431 3199 Esse
445 3141 530 3211 velis,
547 3150 723 3217 nostrosque
738 3142 825 3218 hujus
839 3142 1008 3200 meminisse
1021 3142 1161 3201 minores.

353 3232 442 3294 Adsit
455 3234 567 3293 laetitiae
579 3235 719 3293 Bacchus
734 3236 830 3307 dator,
847 3244 876 3294 et
889 3238 969 3294 bona
982 3236 1072 3294 Juno.

351 3327 394 3387 Et
408 3347 471 3399 ros,
488 3347 516 3399 o,
533 3336 654 3401 coetum,
670 3329 767 3406 Tyrii,
782 3330 935 3388 celebrate
950 3330 1094 3387 faventes.

351 3420 448 3492 Dixit,
463 3430 494 3480 et
508 3423 537 3480 in
551 3441 684 3480 mensam
698 3424 820 3482 laticum
834 3424 937 3481 libavit
951 3423 1093 3483 honorem
1107 3442 1115 3492 3

353 3514 524 3590 Primaque,
540 3516 642 3587 libato,
658 3526 874 3575 summotenus
889 3516 986 3595 attigit
1000 3534 1063 3576 ore.

353 3608 432 3666 ‘lum
445 3608 531 3667 Bitiae
546 3608 626 3667 dedit
639 3610 822 3688 increpitans
835 3629 843 3680 ;
867 3610 917 3669 ille
931 3611 1058 3689 impiger
1071 3609 1170 3669 hausit

354 3704 547 3781 Spumantem
560 3713 706 3781 pateram,
722 3713 752 3763 et
767 3705 855 3782 pleno
869 3724 902 3764 se
917 3706 1025 3783 proluit
1040 3722 1134 3764 auro:

351 3796 436 3867 Post,
453 3797 503 3855 alii
518 3816 667 3875 proceres.
710 3797 839 3858 cithara
852 3799 977 3858 crinitus
990 3798 1079 3877 lopas
1285 3800 1344 3857 ⁷40

352 3890 500 3950 Personat
514 3890 631 3963 auratis,
648 3891 748 3950 docuit
762 3912 829 3968 quae
843 3894 988 3951 maximus
1001 3893 1097 3953 Atlas.

353 3985 416 4045 Hic
430 3988 510 4045 canit
523 3997 673 4046 errantem
687 3988 799 4059 lunam,
816 3989 947 4065 solisque
961 3988 1080 4048 labores
1095 4008 1103 4058 ;

353 4080 441 4139 Unde
455 4082 604 4141 bominum
617 4104 724 4161 genus,
740 4093 770 4142 et
784 4084 915 4162 pecudes
929 4104 937 4154 ;
961 4085 1039 4144 unde
1054 4086 1159 4156 imber,
1175 4091 1206 4143 et
1219 4083 1305 4163 ignes
1319 4100 1328 4153 ς

233 4235 236 4241 ,
354 4175 527 4247 Arcturum,
543 4176 718 4254 pluviasque
730 4178 870 4254 Hyadas,
886 4178 1081 4255 geminosque
1095 4178 1225 4236 Triones
1238 4196 1246 4249 3

354 4266 436 4335 Quid
450 4269 563 4327 tantum
577 4288 692 4329 oceano
706 4280 864 4349 properent
879 4292 912 4332 se
926 4273 1042 4350 tingere
1057 4272 1137 4331 soles
1283 4270 1342 4327 ¹145

354 4360 496 4433 Hiberni,
511 4363 560 4421 vel
575 4382 642 4440 quae
655 4364 749 4441 tardis
762 4384 848 4425 mora
861 4366 998 4425 noctibus
1012 4367 1118 4426 obstet.
