3167 5234
576 564 750 615 mutuos
769 566 840 615 uls
854 566 901 616 11.

182 716 195 722 “
248 707 291 767 Di
304 724 463 783 moresque
477 704 589 765 debunt
603 706 695 765 vestri
709 726 716 763 ε
738 714 800 765 tum
814 714 925 765 cetere
938 707 1041 768 reddet

248 802 390 860 Actutum
405 800 471 878 pius
484 799 614 870 AEnees,
631 808 720 875 etque
734 800 852 879 integer
865 801 921 859 evi

247 895 416 966 Asconius,¹
424 890 521 951 meriti
534 893 609 951 tenti
622 912 681 951 non
697 894 850 952 immemor
863 912 1002 972 unquem.

247 988 342 1047 Immo
356 1006 414 1065 ego
427 1004 491 1058 vos,
508 988 557 1045 cui
570 988 635 1045 soie
648 987 731 1046 selus
744 989 880 1066 genitore
893 990 1027 1063 reducto,

246 1080 368 1158 Excipit
382 1081 543 1152 Ascanius,
559 1098 760 1159 permagnos,
777 1082 862 1154 Nise,
877 1083 1019 1155 Penetes,

245 1173 451 1249 Assaracique
465 1173 585 1245 Lereui,
602 1183 631 1233 et
645 1192 730 1235 ceute
745 1178 910 1253 penetralis
922 1176 1035 1249 Vestes,

244 1264 412 1337 obtestor-5
436 1266 648 1345 (quecumque
663 1268 733 1326 mihi
747 1269 866 1327 fortune
878 1270 1013 1345 fidesque
1025 1276 1073 1329 est

247 1360 282 1418 In
296 1362 406 1419 vestris
419 1380 495 1438 pono
509 1362 631 1438 gremiis
646 1362 671 1437 t)
691 1372 833 1420 revocate
847 1375 1021 1440 perentem3

247 1452 377 1512 Reddite
392 1462 583 1531 conspectum
595 1474 603 1524 3
627 1454 698 1513 nihil
712 1455 762 1513 illo
775 1455 860 1513 triste
872 1464 1005 1532 recepto.

246 1546 325 1604 Biue
338 1548 413 1605 debe
428 1556 551 1625 urgento
566 1548 699 1625 perfecte
713 1558 802 1624 etque
816 1567 925 1625 espere
942 1548 1036 1628 signis

247 1638 371 1711 Pocula,
388 1638 506 1698 devictis
519 1641 636 1717 genitor
651 1660 716 1717 ques
732 1642 811 1718 cepit
824 1640 958 1711 Arisbt3

247 1728 289 1790 ΕΙ
302 1732 434 1809 tripodas
447 1734 582 1811 geminos
597 1753 605 1803 ς
630 1734 693 1792 euri
709 1732 766 1792 duo
780 1753 892 1812 megnu
905 1736 1019 1793 teiente
1033 1753 1042 1806 3

248 1824 379 1885 Cretera
391 1828 554 1903 antiquum,
571 1845 659 1902 quem
673 1827 723 1885 dut
738 1827 861 1885 Sidonis
873 1827 961 1886 Dido.

246 1918 279 1976 Si
294 1918 363 1975 verd
378 1938 487 1996 capere
502 1920 619 1977 lteliem
632 1920 819 1997 sceptrisque
833 1921 920 1997 potiri

247 2010 417 2089 Contigerit
432 2012 547 2083 victori,
563 2019 592 2069 et
606 2012 713 2089 prede
728 2013 838 2071 ducere
853 2023 963 2073 sortem
976 2032 984 2084 ;

246 2104 368 2177 Vidisti,
384 2124 442 2183 quo
456 2104 578 2163 Turnus
591 2126 680 2184 equo,
697 2107 804 2183 quibus
817 2108 878 2166 ibet
891 2108 922 2167 in
936 2108 1026 2167 ermis

247 2199 389 2258 Aureus:
412 2200 508 2277 ipsum
522 2200 614 2271 ilium,
629 2200 767 2277 clypeum
781 2201 948 2277 cristasque
962 2202 1115 2273 rubentes,

247 2292 404 2371 Excipiam
419 2294 501 2364 sorti,
513 2294 577 2370 jem
591 2311 669 2353 nunc
683 2302 735 2351 tue
750 2296 880 2371 premia,
896 2295 981 2353 Nise.

246 2387 400 2446 Praeteree
412 2388 458 2445 bis
471 2406 523 2445 sex
537 2388 655 2465 genitor
667 2388 831 2445 lectissime
843 2396 970 2446 metrum

249 2476 395 2556 Corpore,
412 2480 606 2557 captivosque
621 2480 711 2551 debit,
728 2499 843 2555 sueque
857 2481 993 2538 omuibus
1006 2498 1110 2539 etms:
1193 2516 1200 2531 ι

247 2569 375 2650 Insuper
388 2572 443 2643 his,
460 2573 557 2650 cempi
572 2574 649 2649 quod
663 2592 716 2631 rex
730 2572 819 2630 hebet
834 2573 897 2649 ipee
911 2572 1047 2632 Latinus.

246 2660 293 2723 Te
308 2664 390 2736 verd,
406 2684 474 2723 mee
488 2684 574 2741 quem
589 2667 692 2743 spatiis
706 2664 892 2744 propioribus
904 2674 979 2724 astes

249 2756 427 2833 Insequitur,
446 2758 612 2817 venerande
627 2778 711 2835 puer,
723 2760 786 2835 jem
800 2768 920 2836 pectore
932 2766 996 2817 toto

247 2850 382 2927 Accipio,
398 2863 428 2909 et
441 2852 578 2909 comitem
592 2870 681 2910 cesus
694 2852 876 2929 complector
888 2852 919 2908 in
933 2870 1036 2909 omnes
1049 2868 1057 2908 ε

248 2943 275 3002 N
279 2944 339 3001 uile
352 2945 426 3003 meis
440 2945 504 3003 sine
518 2953 547 3003 te
563 2955 714 3021 quaeretur
726 2946 822 3023 glorie
834 2946 925 3003 rebus
936 2963 945 3013 ;

250 3036 306 3093 Seu
322 3056 436 3113 pacem,
452 3056 505 3096 seu
520 3038 599 3096 belle
613 3057 715 3116 gereni
732 3058 739 3107 ;
765 3039 819 3096 tibi
832 3038 961 3097 maxime
972 3057 1073 3099 rerum

247 3126 475 3207 verborumque
490 3131 572 3189 fides.
614 3131 730 3191 Contra
744 3150 833 3207 quem
845 3133 918 3193 telis
932 3134 1011 3192 setur

246 3222 418 3300 Euryalus:
441 3224 493 3281 Me
507 3224 587 3282 nulle
601 3224 665 3283 dies
678 3235 738 3285 tem
753 3226 877 3285 sortibus
891 3228 972 3287 susis

246 3314 429 3375 Dissimilem
441 3320 574 3396 urguerit
590 3339 598 3388 3
621 3312 733 3378 tentum
749 3340 755 3377 :
778 3321 923 3391 Fortuna,
939 3319 1074 3381 secunde

246 3411 306 3468 Aut
321 3412 458 3483 adverse,
475 3413 572 3472 cedet.
615 3413 674 3471 Sed
684 3422 713 3471 te
728 3434 819 3491 super
833 3415 931 3472 omnis
943 3412 1023 3473 done

246 3502 344 3562 Unum
358 3522 412 3563 oro
427 3523 434 3561 :
457 3506 603 3583 genetrix,
618 3506 779 3564 Priamide
799 3516 888 3585 gente
901 3505 1030 3578 vetusti,

247 3595 304 3656 Est
316 3600 396 3671 mihi,
414 3619 502 3677 quum
516 3601 652 3659 miserem
666 3602 759 3660 tenuit
774 3622 832 3659 non
848 3602 904 3660 ilie
916 3603 1006 3659 tellus
1168 3602 1228 3661 285

245 3692 367 3751 Mecum
382 3695 586 3766 excedentem,
603 3716 661 3754 non
675 3697 784 3755 moenie
798 3696 880 3773 regis
893 3698 1024 3754 Acestae.

244 3786 337 3846 Hunc
351 3808 409 3866 ego
423 3808 501 3847 nune
516 3791 649 3868 ignsrem
663 3791 751 3865 hujus
766 3790 972 3865 quodcumque
986 3788 1091 3867 pericli
1103 3796 1159 3861 est,

245 3880 340 3957 lnque
354 3883 512 3941 selutetem
527 3884 627 3959 linquo
643 3902 650 3939 ι
672 3884 751 3953 Nox,
767 3890 797 3940 et
809 3891 862 3940 tue
875 3882 960 3939 testis

243 3973 388 4045 Dextera,
405 3975 483 4051 qudd
497 3994 645 4052 nequeam
659 3976 807 4051 iacrymas
821 3974 953 4052 perferre
967 3974 1108 4051 parentis.

244 4067 284 4126 At
298 4077 342 4141 tu,
359 4090 423 4141 oro,
440 4066 538 4127 sciere
553 4071 680 4147 inopem,
696 4078 725 4127 et
740 4088 883 4127 succurre
897 4069 1019 4129 relicte).
1167 4068 1228 4129 290

242 4160 334 4221 Henc
349 4164 475 4221 sinente
490 4182 571 4241 spem
586 4164 664 4221 serre
678 4164 721 4221 tui
737 4181 744 4231 ;
769 4163 924 4220 sudentior
942 4164 991 4222 ibo

243 4252 278 4314 In
292 4276 383 4315 cesus
397 4276 509 4318 omues.
551 4256 703 4318 Percussd
717 4266 814 4315 mente
828 4256 972 4315 dederunt

242 4348 427 4411 Dardanide
440 4353 588 4429 lacrymas
604 4372 611 4422 ;
635 4359 703 4409 ente
718 4370 820 4409 omnes
834 4350 957 4428 pulcher
970 4346 1054 4411 Iulus
1068 4370 1077 4423 3

519 4448 583 4502 22*
918 4460 960 4501 oo
