3167 5234
354 569 394 628 η
426 605 432 632 ,
640 563 667 611 Ρ.
687 565 853 613 vrnurnn
874 565 1047 618 masonis

395 701 477 770 Quid
490 695 683 782 tempestates
697 707 831 764 autumni
844 715 874 764 et
887 707 987 766 sidera
1000 708 1099 767 dicam
1112 706 1125 764 i

354 798 465 875 Atque,
482 799 533 856 ubi
549 800 612 875 jam
625 801 805 878 breviorque
818 803 883 860 dics
896 811 927 861 et
941 805 1056 862 mollior
1068 811 1169 876 restas,

355 890 433 958 Quae
446 893 597 971 vigilanda
611 893 705 950 viris?
721 895 768 952 vel
783 914 874 971 quum
887 897 946 954 ruit
959 897 1142 956 imbriferum
1156 915 1218 970 ver,

355 986 464 1062 Spicea
479 986 542 1061 jam
556 987 668 1065 campis
683 1007 772 1064 quum
786 990 891 1048 messis
905 991 1060 1062 inhorruit,
1076 1000 1107 1049 ct
1122 1009 1212 1068 quum

354 1079 519 1139 Frumenta
532 1081 562 1139 in
578 1081 663 1138 viridi
677 1080 786 1158 stipulh
802 1083 943 1141 lactentia
955 1093 1076 1162 turgent
1093 1084 1104 1140 i

355 1173 441 1250 Saepe
456 1193 523 1252 ago,
540 1193 630 1250 quum
645 1175 728 1232 flavis
743 1193 904 1234 messorem
918 1176 1074 1235 induceret
1088 1178 1168 1237 arria

354 1268 508 1345 Agricola,
525 1276 554 1326 et
569 1268 668 1345 fragili
684 1267 746 1343 jam
761 1269 922 1347 stringeret
935 1271 1047 1328 hordea
1062 1271 1171 1343 culmo,

353 1360 463 1420 Omnia
476 1374 629 1419 ventorum
647 1380 829 1420 concurrere
844 1363 949 1439 proelia
963 1363 1044 1432 vidi;

355 1453 432 1522 Qua
446 1454 599 1533 gravidam
613 1454 673 1512 late
688 1461 822 1532 segetem
837 1457 874 1512 ab
888 1456 1040 1514 radicibus
1054 1457 1120 1516 imis

356 1547 486 1606 Sublime
501 1543 655 1625 expulsam
669 1560 808 1606 eruerent
822 1567 830 1617 ;
853 1548 894 1606 ita
908 1535 1026 1608 turbine
1039 1552 1126 1629 nigro

354 1641 462 1700 Ferret
476 1641 570 1699 hiems
584 1642 773 1717 culmumque
788 1642 884 1701 levem
897 1644 1081 1722 stipulasque
1094 1645 1239 1706 volantes.

357 1733 443 1812 Saepe
458 1735 548 1793 ctiam
567 1735 740 1793 immensum
755 1736 833 1794 coslo
846 1737 926 1794 venit
941 1753 1050 1815 agmen
1063 1757 1219 1814 aquarum,

354 1827 395 1888 Et
410 1828 519 1886 foedam
533 1829 700 1906 glomerant
714 1837 919 1907 tempestatem
932 1831 1077 1889 imbribus
1090 1833 1163 1891 atris

355 1921 501 1982 Collectoe
515 1941 553 1979 ex
567 1923 626 1980 alto
641 1924 737 1980 nubes
751 1942 758 1992 ;
783 1924 841 1982 ruit
856 1924 968 1982 arduus
982 1925 1086 1997 aether,

354 2015 395 2074 Et
410 2014 510 2092 pluvii
524 2016 637 2094 ingenti
651 2025 718 2074 aata
731 2016 802 2075 laeta
815 2018 962 2093 boumque
977 2018 1095 2077 labores

252 2111 259 2132 “
354 2109 451 2169 Diluit
464 2129 472 2178 3
496 2109 654 2186 implentur
667 2110 765 2181 fossas,
782 2118 813 2168 et
826 2129 902 2169 cava
916 2111 1038 2169 flumina
1050 2121 1190 2172 crescunt

356 2203 434 2262 Cum
453 2205 561 2275 sonitu,
579 2204 732 2279 servetque
747 2203 832 2261 fretis
846 2204 1027 2280 spirantibus
1042 2225 1154 2281 aequor.

355 2295 424 2376 Ipse
438 2297 540 2368 Pater,
556 2298 653 2355 medii
667 2297 832 2354 nimborum
846 2296 877 2355 in
890 2306 989 2368 nocte,
1005 2297 1135 2358 corusci

355 2389 493 2448 Fulmina
506 2390 625 2450 molitur
638 2388 744 2448 dextri
758 2409 765 2458 ;
790 2410 849 2466 quo
862 2384 991 2449 murima
1004 2400 1085 2450 motu

355 2481 453 2542 Terra
471 2483 580 2554 tremit,
597 2481 701 2561 fugire
716 2484 798 2555 fcrae,
815 2492 845 2541 et
857 2485 994 2543 mortalia
1007 2486 1099 2543 corda

354 2576 415 2635 Per
428 2585 533 2655 gentes
546 2577 665 2636 humilis
679 2577 783 2636 stravit
805 2597 916 2654 pavor:
940 2579 991 2635 ille
1005 2577 1144 2656 flagranti

354 2671 416 2728 Aut
430 2671 520 2741 Atho,
537 2679 587 2728 aut
601 2670 780 2749 Rhodopen,
796 2679 846 2728 aut
862 2672 923 2729 alta
938 2670 1091 2730 Ceraunia
1104 2673 1164 2731 telo

354 2762 467 2839 Dejicit
482 2782 490 2832 ;
513 2764 696 2842 ingeminant
715 2764 809 2822 austri
822 2772 852 2821 et
866 2764 1059 2822 densissimus
1073 2765 1169 2824 imber
1182 2784 1192 2836 ;

356 2856 444 2916 Nunc
459 2876 582 2915 nemora
595 2857 708 2934 ingenti
722 2865 821 2929 vento,
837 2875 916 2916 nunc
930 2857 1029 2915 littora
1042 2857 1194 2936 plangunt.

394 2949 465 3009 Hoc
480 2958 625 3020 metuens,
641 2950 711 3008 coeli
725 2969 844 3008 menses
858 2958 888 3007 et
901 2949 1001 3007 sidera
1013 2969 1103 3009 serva
1116 2970 1124 3021 3

355 3041 478 3120 Frigida
493 3043 613 3101 Saturni
627 3063 692 3102 sese
707 3042 766 3119 qud
781 3044 866 3102 stella
880 3051 1024 3121 receptat,

356 3134 442 3202 Quos
457 3137 533 3214 ignis
547 3137 615 3195 coeli
631 3137 789 3212 Cyllenius
802 3148 882 3195 erret
896 3137 926 3195 in
940 3139 1038 3196 orbes.

396 3229 431 3287 ln
445 3230 546 3306 primis
559 3249 704 3288 venerere
719 3230 803 3301 deos,
820 3239 909 3306 atque
923 3249 1023 3288 annua
1034 3250 1151 3309 magna

357 3322 451 3380 Sacra
464 3322 542 3380 refer
556 3322 675 3394 Cereri,
692 3323 769 3382 laetis
782 3333 924 3400 operatus
938 3323 967 3382 in
982 3324 1094 3394 herbis,

355 3414 507 3474 Extremae
522 3416 576 3473 sub
591 3435 695 3474 casnm
708 3416 824 3489 hiemis,
843 3416 905 3493 jam
920 3435 991 3476 vere
1004 3435 1134 3476 sereno:

355 3507 443 3566 Tunc
458 3508 583 3587 pingues
598 3511 678 3586 agni,
694 3519 723 3568 et
737 3519 809 3569 tune
822 3511 996 3570 mollissima
1009 3512 1087 3583 vina,

354 3600 442 3660 Tunc
457 3602 552 3660 somni
565 3601 678 3674 dulces,
695 3602 855 3680 densaeque
869 3605 900 3663 in
913 3606 1061 3663 montibus
1075 3605 1200 3665 umbroe.
1241 3638 1247 3652 ·

355 3695 475 3757 Cuncta
487 3697 541 3755 tibi
555 3696 700 3756 Cererem
715 3699 809 3776 pubes
824 3701 950 3778 agrestis
963 3701 1067 3761 adoret
1082 3721 1090 3772 ς

356 3788 460 3849 Cultu
475 3791 553 3849 lactc
568 3791 652 3851 favos
666 3799 695 3852 et
707 3793 769 3852 miti
783 3793 862 3850 dilue
877 3794 1010 3868 Baccho,

353 3884 475 3959 Terque
489 3905 582 3944 novas
595 3887 708 3946 circum
723 3887 792 3946 felix
806 3896 856 3946 eat
870 3889 967 3947 hostia
980 3889 1083 3970 fruges
1098 3910 1107 3962 3

354 3975 458 4036 Omnis
473 3997 561 4054 quam
576 3980 685 4040 chorus
699 3989 729 4040 et
743 3981 818 4040 socii
832 3983 1010 4042 comitentur
1023 3993 1156 4055 ovantes,

353 4069 394 4129 Et
409 4069 554 4130 Cererem
568 4073 697 4132 elamore
712 4085 819 4134 vocent
832 4075 862 4135 in
874 4085 976 4136 tecta:
998 4096 1097 4154 neque
1111 4077 1180 4136 antd

354 4162 477 4223 Fulcem
491 4165 614 4224 maturis
629 4167 785 4245 quisquam
800 4179 945 4256 supponat
960 4171 1068 4241 aristis,

356 4255 453 4325 Qudm
468 4257 586 4330 Cereri,
601 4257 681 4318 torti
693 4261 847 4320 redimitus
865 4272 1001 4340 tempora
1014 4282 1139 4339 quercu,

353 4349 416 4410 Det
430 4359 525 4410 motus
539 4352 758 4432 incompositos,
774 4365 804 4414 et
818 4357 951 4416 carmina
963 4355 1052 4418 dicat.
