3167 5234
445 963 485 1032 P.
518 962 767 1030 viuoiuu
797 957 1047 1028 uuuoum

507 1123 976 1223 BUCOLICON

650 1307 836 1368 LIBER.

622 1540 815 1608 ECLOGA
839 1541 867 1608 Ι.

659 1703 825 1755 TITYRUS.

654 1867 832 1908 MELIBOEUS.

248 1975 382 2049 Tium,
397 1982 441 2050 tu,
457 1976 566 2055 patulae
581 1977 732 2034 recubans
746 1976 802 2034 sub
816 1973 947 2052 tegmine
961 1972 1034 2054 sagi,

250 2071 421 2130 silvestrem
434 2069 517 2129 tenui
530 2088 645 2129 musam
659 2069 811 2128 mediteris
826 2066 924 2126 avenai
937 2086 945 2125 ε

249 2163 314 2224 Nos
328 2164 431 2242 patrias
447 2163 522 2222 fines
535 2172 565 2222 et
579 2163 679 2222 dulcia
693 2161 853 2238 linquimus
867 2180 962 2233 arva3

248 2257 315 2316 Nos
328 2258 451 2335 patriam
464 2256 594 2335 sugimus
609 2276 617 2327 ;
641 2265 684 2328 tu,
699 2256 817 2335 Tityre,
834 2256 932 2315 lentus
947 2256 977 2314 in
991 2252 1108 2327 umbri,

248 2349 424 2410 Formosam
438 2370 580 2411 resonare
595 2351 686 2410 doces
699 2350 887 2427 Amaryllida
901 2348 1001 2408 silvas.
1218 2349 1240 2408 ὅ

674 2525 816 2567 TITYRUS.

248 2629 278 2690 0
290 2629 443 2704 Meliboee,
460 2629 535 2690 deus
549 2629 634 2689 uobis
645 2631 710 2690 hmo
725 2631 784 2689 otia
799 2629 870 2688 fecit
885 2648 892 2686 :

248 2723 388 2802 Namque
402 2725 458 2783 erit
471 2725 521 2783 ille
537 2724 606 2783 mihi
621 2743 739 2802 semper
752 2725 828 2783 deus
842 2743 850 2795 ;
873 2725 954 2784 illius
967 2742 1052 2784 aram

249 2817 335 2896 Saepd
350 2827 435 2877 tener
448 2818 557 2877 nostris
574 2820 611 2876 ab
626 2817 752 2876 ovilibus
766 2819 878 2877 imbuet
893 2837 1000 2897 agnus.

248 2910 303 2970 Ille
318 2931 401 2970 meas
414 2931 517 2970 errare
531 2913 634 2984 boves,
652 2921 683 2970 ut
695 2912 805 2982 cernis,
823 2919 853 2970 et
867 2913 963 2990 ipsum

247 3005 379 3078 Ludere,
396 3025 463 3084 quse
478 3007 595 3078 vellem,
613 3007 730 3066 calamo
744 3006 878 3085 permisit
891 3005 1014 3085 agresti.
1203 3008 1239 3065 10

653 3183 831 3223 uramus.

247 3287 277 3348 N
279 3308 318 3346 ou
331 3287 469 3364 equidem
482 3287 600 3348 invideo
615 3308 622 3360 ;
646 3289 737 3346 miror
750 3289 847 3366 magis
861 3307 868 3346 :
885 3289 1016 3366 undique
1030 3288 1101 3348 totis

246 3379 351 3458 Usque
366 3379 441 3440 oded
456 3384 594 3442 turbatur
607 3382 698 3461 agris.
740 3382 801 3453 En,
818 3383 881 3461 ipse
896 3383 1029 3460 capellas

246 3474 395 3534 Proteuus
409 3496 492 3554 aeger
505 3497 564 3556 ago
580 3495 588 3546 ;
612 3477 693 3536 hano
704 3477 796 3536 etiam
812 3478 870 3549 vix,
885 3477 1002 3554 Tityre,
1019 3476 1106 3538 duoo.

246 3567 312 3627 Hic
325 3569 403 3627 inter
416 3567 524 3628 densas
538 3571 658 3647 corylos
672 3569 759 3629 modd
774 3590 903 3646 namque
922 3571 1077 3649 gemellos,

249 3663 337 3739 Spem
350 3663 464 3741 gregis,
481 3664 538 3722 ah!
561 3663 644 3722 silice
660 3665 689 3722 in
704 3663 785 3723 nudi
799 3665 927 3722 connixa
941 3663 1070 3740 reliquit.
1202 3665 1238 3723 16

248 3754 335 3832 Saeps
349 3756 459 3814 malum
472 3757 529 3814 hoo
544 3757 640 3828 uobis,
656 3759 682 3816 si
701 3778 783 3816 mens
800 3777 859 3815 non
873 3758 950 3816 lava
963 3757 1079 3829 suisset,

246 3847 297 3908 De
313 3851 390 3908 ooelo
404 3859 502 3911 tactas
516 3852 636 3911 memini
651 3853 815 3930 proedioere
830 3871 961 3929 quercus
977 3871 985 3922 3

250 3941 350 4020 [Saepd
367 3944 487 4003 sinistra
501 3942 578 4004 cavi
592 3946 728 4024 praedixit
741 3949 780 4005 ab
793 3946 862 4004 ilice
877 3945 1007 4026 aornim]

249 4033 308 4094 Sed
323 4044 432 4110 tamen,
449 4039 504 4098 iste
519 4039 594 4098 deus
609 4039 659 4115 qui
673 4039 721 4111 sit,
737 4040 786 4110 da,
804 4037 919 4117 Tityre,
934 4040 1029 4102 uobis.

670 4231 811 4272 ulmus.

249 4333 361 4394 Urbem
376 4355 464 4412 quam
476 4334 578 4396 dicunt
591 4336 730 4409 Romam,
745 4337 901 4410 Meliboee,
916 4337 1018 4417 putari
1197 4341 1238 4399 20
