3167 5234
325 554 378 611 ηε
606 548 632 595 1².
653 548 818 595 vrncrnrr
842 547 1014 597 nunonis

322 690 350 749 N
353 708 389 747 ec
403 686 485 765 prius
499 685 638 745 amissam
651 687 779 765 respexi,
795 688 963 746 culmumva
977 684 1091 758 rede'xi,

323 783 422 851 Qudm
437 781 581 840 tumulum
594 780 724 856 entiquae
738 780 864 840 Cereris
877 781 1037 857 sedemque
1051 788 1202 841 sacrum

321 877 475 935 Venimus.
519 874 582 934 Hic
596 874 722 945 demum,
736 874 872 933 collectis
884 874 1031 945 omnibus,
1048 893 1109 933 una

321 970 425 1031 Defuit
439 990 447 1042 3
472 978 501 1029 ct
515 970 648 1038 comites,
664 976 836 1045 natumque,
852 968 1006 1044 virumque
1020 967 1132 1027 fefellit.

324 1066 422 1133 Quem
438 1084 497 1123 non
511 1062 646 1121 incusavi
659 1080 762 1120 amens
775 1062 984 1137 hominumque
998 1060 1206 1138 deorumque?
1245 1065 1302 1123 ‘145

321 1160 382 1218 Aut
397 1158 466 1234 quid
485 1157 514 1214 in
529 1152 637 1215 eversis
649 1154 708 1212 vidi
722 1154 873 1213 crudelius
887 1155 961 1211 urbe
977 1153 988 1209 ἰ

321 1253 496 1322 Ascanium,
513 1249 724 1325 Anchisenque
739 1256 863 1324 patrem,
879 1246 1076 1322 Teucrosque
1089 1246 1231 1318 Penates,
1336 1272 1346 1290 ·

323 1343 507 1406 Commendo
521 1342 620 1413 sociis,
638 1350 667 1399 et
679 1340 774 1399 cur-vd
787 1341 865 1399 velle
877 1340 1028 1399 recondo:

323 1439 392 1519 Ipse
407 1440 511 1499 urbem
523 1444 637 1515 repeto,
654 1444 682 1493 et
700 1434 805 1512 cingor
819 1434 1002 1511 fulgentibus
1015 1434 1115 1495 armis.

323 1536 386 1593 Stat
401 1552 490 1592 casus
503 1548 649 1589 renovare
663 1546 775 1598 omnes,
790 1546 966 1604 omnemque
979 1527 1090 1586 reverti
1245 1529 1304 1587 '150

321 1626 382 1687 Per
394 1626 526 1703 Trojam‚
543 1630 572 1681 et
592 1640 696 1681 rursus
709 1628 799 1699 caput
812 1620 963 1695 objectare
978 1621 1108 1699 periclis.

321 1719 473 1797 Principio
486 1736 586 1777 muros
600 1717 786 1792 obscuraque
801 1713 903 1772 limina
916 1722 1019 1790 ports,

323 1811 395 1883 Qut
408 1828 545 1890 gressum
558 1809 732 1879 extuleram,
748 1814 852 1885 repeto
868 1826 875 1876 ;
898 1813 928 1865 et
942 1807 1070 1885 vestigia
1083 1817 1163 1869 retro

322 1907 491 1966 Observata
504 1920 615 1981 sequor
628 1908 821 1979 pernoctem,
837 1907 867 1957 et
880 1899 990 1957 lumine
1002 1900 1107 1962 lustro.

321 1998 441 2059 Horror
455 1998 563 2074 ubique
579 1996 702 2065 animos,
718 1994 805 2052 simul
823 1994 889 2071 ipsa
900 1992 1020 2053 silentia
1032 2004 1154 2056 terrent.
1247 1999 1305 2057 '155

322 2091 396 2151 Inde
410 2092 537 2161 domum,
554 2088 580 2147 si
593 2087 668 2147 sorte
683 2085 798 2165 pedem,
813 2086 839 2145 si
852 2085 928 2145 sorte
941 2086 1069 2160 tulisset,

321 2185 373 2244 Me
388 2184 495 2243 resero.
539 2182 691 2241 irruerant
704 2180 816 2251 Donni,
831 2188 861 2239 et
874 2188 989 2241 tectum
1001 2201 1088 2241 omne
1101 2182 1252 2243 tenebunt.

322 2276 408 2336 Ilicet
423 2276 501 2355 ignis
515 2275 591 2335 eden
604 2293 719 2333 summa
733 2273 770 2332 ad
785 2273 905 2350 lastigie
919 2285 1008 2333 vento

320 2369 459 2428 Volvitur
472 2388 480 2438 ;
504 2374 684 2445 exsuperant
698 2366 823 2425 flammo)
839 2385 847 2435 ;
871 2366 941 2427 furit
954 2376 1045 2427 metus
1060 2368 1098 2428 ad
1112 2388 1212 2431 aures.

320 2463 467 2534 Procedo,
485 2469 514 2521 ct
526 2461 638 2520 Priami
652 2460 739 2519 sedes
753 2478 914 2536 arcemque
928 2463 1036 2521 reviso.
1246 2466 1305 2523 ’160

321 2558 361 2617 Et
378 2558 441 2633 jam
455 2557 616 2634 porticibus
631 2556 735 2614 vacuis
747 2554 877 2613 Junonis
891 2557 976 2633 asylo

322 2648 473 2710 Custodes
487 2649 558 2707 lecti
573 2648 702 2707 Pboenix
715 2657 744 2707 et
758 2648 841 2705 dirus
853 2647 979 2725 Ulysses

321 2744 460 2803 Praednm
480 2742 684 2800 asservabant.
726 2740 801 2799 Huc
814 2740 945 2819 undique
958 2744 1053 2803 TroIn
1067 2763 1146 2823 gaza

319 2836 456 2896 incensis
469 2843 574 2913 erepta
588 2834 694 2911 adytis,
710 2852 881 2911 mensesque
894 2834 1028 2909 deorum,

322 2929 524 3005 Creteresque
538 2948 612 2985 auro
626 2927 721 2998 solidi,
737 2928 916 3006 captivaque
930 2931 1022 2989 vestis
1243 2933 1301 2989 '165

321 3022 505 3100 Congcritur
520 3040 527 3078 τ
550 3021 635 3099 pueri
648 3030 678 3079 et
695 3021 809 3099 pavidae
823 3022 914 3100 longo
927 3023 1030 3081 ordine
1043 3032 1155 3083 matres

321 3116 406 3175 Stant
427 3115 547 3173 circium.

320 3210 422 3268 Ausus
437 3209 507 3287 quin
522 3208 611 3267 etiam
624 3226 714 3266 voces
730 3208 847 3283 jactare
863 3228 917 3287 per
931 3212 1076 3283 umbram,

320 3302 444 3380 Implevi
464 3302 593 3361 clamore
608 3301 681 3372 vias,
698 3310 882 3379 moestusque
894 3302 1044 3363 Creusam

319 3395 528 3473 Nequidquam
541 3394 727 3473 ingeminans
741 3395 907 3473 iterumque
922 3396 1088 3473 iterumque
1100 3396 1215 3459 soceri.
1243 3400 1301 3456 tto

320 3492 487 3563 Quaerenti
505 3501 534 3550 et
546 3490 634 3550 tectis
648 3490 730 3549 urbis
744 3491 807 3549 sine
822 3492 881 3549 tine
894 3491 1013 3564 furenti,

320 3584 426 3644 Infelix
443 3585 636 3644 simulacrum
650 3592 738 3661 atque
752 3586 846 3663 ipsius
859 3587 965 3645 umbra
978 3586 1105 3646 Creirsnr

317 3677 394 3737 Visa
407 3680 477 3737 mibi
491 3687 561 3737 ante
576 3678 689 3748 oculos,
706 3687 734 3736 et
748 3678 821 3736 notia
833 3680 928 3756 mejor
941 3680 1050 3759 imago.

272 3758 276 3767 ¹
318 3772 476 3850 Obstupui,
493 3779 697 3857 steteruntque
711 3792 816 3843 comae,
832 3780 862 3831 et
875 3792 933 3831 vox
946 3774 1083 3833 faucibus
1095 3773 1190 3835 htasit.

317 3862 396 3923 Tum
410 3866 453 3925 sic
468 3866 562 3938 eil'nri,
579 3874 608 3923 et
623 3884 712 3925 curas
726 3866 772 3923 his
785 3865 904 3924 demere
918 3866 1005 3926 dictis
1020 3888 1027 3925 ε
1243 3868 1299 3926 715

358 3958 438 4023 Quid
453 3960 566 4019 tantiun
581 3960 686 4018 menno
702 3960 788 4036 juvat
802 3960 957 4038 indulgere
971 3961 1075 4033 dolori,

318 4049 345 4108 0
360 4050 455 4110 dulcis
469 4054 578 4129 conjux
592 4053 602 4109 ?
625 4074 684 4112 non
698 4053 764 4113 haec
778 4054 842 4112 sinc
856 4056 976 4113 numius
990 4054 1090 4114 divium

316 4144 466 4204 Eveniunt
481 4164 489 4203 t
512 4166 568 4204 nec
585 4155 615 4205 te
630 4148 700 4207 binc
713 4149 850 4207 comitem
865 4156 1020 4225 asportare
1034 4148 1186 4209 creusam

309 4238 389 4318 Βία,
405 4246 456 4297 aut
470 4239 520 4296 illc
533 4239 601 4297 sinit
616 4242 716 4318 superi
729 4250 870 4320 regnator
883 4242 1011 4320 Olympi.

206 4402 236 4440 f
316 4336 424 4409 Longa
437 4330 490 4389 tibi
504 4330 618 4403 exsilio,
634 4342 795 4393 etvastunn
808 4336 899 4394 maris
912 4356 1015 4413 aequor
1028 4336 1192 4396 arandum:
1241 4337 1299 4395 tto
