3167 5234
547 561 723 611 somnos
743 562 813 611 nin
827 564 908 611 vnn
1161 570 1215 627 241

235 704 314 773 Quis
326 704 412 775 deus,
428 702 575 761 incertum
589 710 644 775 est,
660 702 772 761 habitet
786 702 882 760 deus:
902 700 1040 760 Arcades
1052 700 1149 779 ipsum
1164 700 1172 711 ‘

235 797 371 858 Credunt
386 817 418 857 se
433 796 542 856 vidisse
555 797 672 867 Jovem,
691 814 781 873 quum
794 794 876 872 sepe
889 796 1057 872 nigrantem

233 891 351 975 AEgida
363 898 538 949 concuteret
551 889 665 960 dextri,
682 889 855 965 nimbosque
870 887 974 947 cieret

231 979 314 1043 Haec
327 984 386 1043 duo
402 996 549 1060 praterea
562 981 693 1057 disjectis
707 981 815 1059 oppida
827 980 931 1051 muris,
1159 982 1218 1041 ³56

231 1076 393 1154 Reliquias
406 1084 599 1152 veterumque
613 1074 696 1133 vides
710 1081 902 1141 monumenta
914 1073 1054 1134 virorum.

231 1168 325 1229 Hanc
337 1170 435 1229 Janus
448 1176 543 1245 pater,
559 1169 636 1227 hanc
651 1170 798 1227 Saturnus
810 1166 940 1225 condidit
953 1184 1055 1225 arcem
1069 1185 1078 1235 ς

230 1262 403 1321 Jauiculum
416 1262 495 1333 huic,
512 1261 554 1321 illi
567 1261 665 1319 suerat
680 1260 820 1319 Saturnia
832 1278 950 1319 nomen.

271 1354 398 1413 Talibus
412 1354 535 1412 interae
549 1354 635 1412 dictis
650 1354 687 1413 ad
701 1362 782 1413 tecta
795 1353 934 1413 subibant

231 1446 379 1525 Pauperis
390 1446 535 1518 Evandri,
551 1446 721 1523 passimque
735 1455 871 1505 armenta
883 1445 1023 1505 videbant
1157 1448 1218 1505 360

230 1539 429 1615 Romanoque
442 1539 506 1597 loro
522 1550 552 1597 et
566 1539 655 1597 lautis
669 1540 784 1617 mugire
799 1538 933 1599 Carinis.-

230 1631 272 1690 Ut
286 1640 405 1692 ventum
419 1633 456 1691 ad
470 1631 557 1691 sedes
571 1652 578 1689 :
601 1632 690 1703 Haec,
706 1632 811 1709 inquit,
827 1633 929 1691 limina
941 1630 1037 1691 victor

229 1726 352 1785 Alcides
367 1726 456 1785 subiit
474 1745 482 1795 ;
505 1726 571 1785 haec
584 1726 665 1784 illum
679 1726 765 1804 regia
782 1726 870 1803 cepit.

230 1818 327 1891 Ande,
343 1819 460 1897 hospes,
477 1828 666 1878 contemnere
681 1838 765 1896 opes,
781 1827 812 1877 et
825 1828 855 1877 te
869 1837 988 1895 quoque
1001 1817 1124 1896 dignum
1216 1808 1220 1817 ’

230 1910 327 1990 Finge
341 1912 398 1970 deo
412 1931 420 1983 ;
444 1915 594 1989 rebusque
609 1912 677 1971 veni
690 1932 748 1971 non
763 1930 854 1989 asper
865 1912 980 1990 egenis.
1153 1914 1214 1971 866

229 2004 315 2063 Dixit
331 2025 340 2074 ;
364 2012 394 2063 et
407 2006 526 2083 angusti
539 2007 642 2065 subter
655 2004 775 2083 fastigia
788 2006 861 2064 tecti

230 2096 387 2176 Ingentem
400 2098 524 2156 AEnean
540 2097 632 2169 duxit,
649 2098 810 2173 stratisque
823 2097 934 2157 locavit

227 2189 374 2249 Effultum
387 2188 464 2250 foliis
478 2198 508 2249 et
522 2191 598 2269 pelle
611 2190 774 2268 Libystidis
787 2211 876 2251 ursae.

228 2283 297 2343 Nox
310 2286 380 2356 ruit,
397 2292 426 2342 et
439 2284 531 2343 luscis
544 2285 683 2343 tellurem
696 2284 885 2362 amplectitur
897 2284 963 2345 alis.

265 2378 306 2436 At
319 2377 426 2435 Venus
438 2377 518 2435 haud
532 2378 630 2435 animo
643 2376 844 2453 nequidquam
856 2377 999 2437 exterrita
1011 2383 1118 2448 meter,
1151 2378 1212 2434 tto

225 2468 473 2546 Laurentumque
486 2469 573 2527 minis
587 2478 617 2527 st
630 2469 706 2553 durq
719 2476 800 2527 mota
811 2469 948 2539 tumultu,
1286 2459 1290 2467 ’

225 2560 397 2621 Vulcanum
410 2562 579 2637 alloquitur,
595 2562 785 2638 thalamoque
799 2562 866 2621 hac
879 2562 1016 2640 conjugis
1030 2578 1123 2621 aureo

226 2651 344 2733 Incipit,
361 2663 392 2713 et
404 2653 492 2712 dictis
505 2653 635 2713 divinum
649 2652 780 2731 adspirat
794 2672 926 2713 amorem
940 2673 948 2711 z

225 2746 307 2807 Dum
321 2748 401 2807 bello
414 2747 550 2825 Argolici
564 2750 721 2806 vastabant
734 2748 886 2825 Pergama
898 2768 988 2828 reges

224 2838 347 2911 Debita,
362 2858 548 2916 casurasque
561 2840 688 2899 inimicis
701 2842 820 2920 ignibus
833 2861 932 2914 arces,
1150 2845 1215 2901 tte·

226 2933 255 2992 N
257 2954 294 2993 cn
309 2934 403 2993 ullum
415 2934 557 2993 auxilium
569 2934 695 3007 miseris,
711 2954 770 2994 non
784 2955 868 2995 arma
881 2937 987 3015 rogavi

224 3027 308 3085 Artis
321 3026 446 3105 opisque
459 3036 518 3087 tuae
534 3047 543 3097 ς
566 3046 623 3087 nec
635 3036 677 3099 te,
692 3029 847 3088 carissima
860 3030 980 3107 conjux,

225 3119 419 3179 Incassumve
432 3128 500 3179 tuos
513 3120 593 3180 volui
607 3140 749 3181 exercere
762 3123 904 3193 labores3

225 3212 372 3281 Quamvis
385 3221 414 3271 et
427 3212 539 3271 Priami
552 3213 692 3273 deberem
706 3215 833 3291 plurima
845 3217 933 3289 natis,

223 3306 264 3364 Et
276 3306 385 3365 durum
401 3303 508 3365 AEneae
521 3306 670 3366 flevissem
685 3308 764 3385 steph
777 3309 921 3371 laborem.
1149 3313 1208 3371 880

223 3398 252 3457 N
256 3418 314 3457 unc
328 3398 414 3457 Jovis
428 3398 558 3476 imperiis
571 3400 751 3458 Rutulorum
764 3402 897 3460 constitit
908 3402 970 3461 oris
985 3422 994 3461 t

222 3492 308 3570 Ergo
323 3492 426 3551 eadem
440 3494 564 3571 supplex
577 3494 675 3565 venio,
691 3502 721 3553 et
735 3503 871 3555 sanctum
884 3496 954 3555 mihi
967 3514 1077 3556 numen

222 3590 319 3646 Arma
329 3608 414 3667 rogo,
430 3588 566 3667 genetrix
579 3598 659 3649 nato.
699 3590 746 3648 Te
761 3590 823 3650 filia
834 3592 939 3663 Nerei,

221 3680 269 3738 Te
284 3680 377 3758 potuit
392 3680 532 3757 lacrymis
544 3681 684 3741 Tithonia
697 3683 820 3741 flectere
833 3670 952 3760 conjux.

221 3773 364 3851 Adspice,
381 3774 431 3850 qui
445 3776 552 3833 coeant
566 3776 675 3853 populi,
693 3795 758 3852 quae
773 3777 884 3835 moenia
896 3776 1007 3835 clausis
1146 3780 1205 3842 386

219 3864 350 3925 Ferrum
364 3874 473 3925 acuant
487 3868 577 3944 portis
588 3867 619 3926 in
632 3886 679 3927 me
693 3867 900 3944 excidiumque
912 3886 1056 3929 meorum.

259 3958 389 4019 Dixerat
404 3978 412 4029 ;
435 3968 465 4017 et
478 3960 573 4020 niveis
586 3960 655 4019 hinc
668 3968 757 4037 atque
772 3960 842 4019 hinc
855 3960 924 4019 diva
937 3961 1060 4021 lacertis

220 4050 423 4112 Cunctantem
437 4055 574 4131 amplexu
587 4054 667 4113 molli
680 4053 770 4111 fovet.
813 4052 868 4112 llle
882 4054 1006 4131 repente

217 4146 347 4223 Accepit
360 4147 476 4205 solitam
491 4147 648 4219 dammam,
662 4155 810 4223 notusque
823 4146 970 4207 medullae

217 4238 344 4298 intravit
358 4240 451 4311 calor,
468 4247 497 4298 et
510 4238 660 4299 labefacta
674 4258 727 4317 per
740 4259 811 4299 ossa
823 4241 955 4299 cucurrit
970 4260 977 4297 :
1143 4246 1203 4305 390

216 4330 247 4391 N
250 4351 288 4390 cn
301 4332 391 4392 seclis
404 4340 495 4412 atque
507 4334 587 4407 olim,
603 4333 713 4393 tonitru
728 4352 818 4411 quum
831 4341 920 4410 rupta
932 4354 1060 4398 corusco

532 4429 568 4483 21
877 4445 916 4486 u
