3167 5234
551 569 749 618 nuconreu.
779 571 860 618 nce
876 570 933 618 ιιι,
1202 577 1239 638 10

250 705 348 776 Quem
361 727 429 768 mea
441 708 622 768 camninibue
636 709 795 769 meruisset
809 710 920 782 fistula,
936 728 1061 789 caprum
1074 702 1111 768 ἰῖ

250 801 281 860 Si
293 801 404 874 nescia,
419 821 504 862 mene
519 804 568 862 ille
581 822 674 880 caper
687 802 741 863 fuit
758 823 766 874 ;
790 813 820 863 et
834 805 907 863 mihi
918 803 1041 864 Damon

249 893 318 974 lpre
332 895 493 970 fatebatur,
509 895 562 955 red
575 895 701 956 reddere
716 915 804 976 peeee
818 899 960 977 negabat.

655 1074 832 1116 MINALGAS.

250 1179 409 1242 Cantando
421 1187 454 1238 tu
468 1179 549 1238 illum
564 1178 575 1236 ἓ
597 1187 648 1238 aut
662 1199 792 1258 unquam
803 1181 857 1240 tibi
870 1181 971 1240 fistula
982 1177 1057 1242 ceri

247 1274 361 1334 Juncte
374 1273 428 1333 fuit
444 1273 455 1330 i
476 1293 536 1332 non
547 1280 580 1332 tu
595 1274 625 1332 in
639 1274 744 1347 triviis,
761 1273 892 1347 indocte,
907 1275 1028 1334 eelebae

249 1367 389 1430 Stridenti
402 1366 543 1427 miserum
556 1367 666 1446 stipuld
680 1368 854 1447 disperdere
866 1387 990 1428 carmen
1008 1367 1020 1426 i

657 1543 824 1587 Dfflss'l'ss.

247 1651 304 1711 via
317 1669 400 1731 ergo,
416 1650 495 1710 inter
506 1669 572 1724 noe,
589 1652 658 1728 qnid
673 1651 765 1730 poerit
779 1660 920 1728 uterque,
936 1649 1069 1710 vicieaim

246 1743 471 1824 Experiamur?
493 1764 551 1824 ege
564 1746 643 1806 hanc
659 1746 781 1804 vitulam
797 1745 849 1820 (ne
863 1743 939 1802 ferte
952 1761 1087 1818 recum,

246 1838 300 1900 Bia
313 1838 394 1898 venit
407 1838 446 1898 ed
459 1839 626 1912 mulctram,
642 1840 727 1898 binos
741 1840 792 1897 alit
808 1840 901 1897 ubere
914 1837 1020 1916 fetus)

246 1931 375 2013 Depone
390 1950 398 1990 ι
419 1938 451 1991 tu
467 1930 525 2006 dic,
540 1951 658 1992 meeum
673 1952 732 2010 quo
747 1933 872 2012 pignore
887 1939 996 1991 certae.

653 2109 831 2151 mistim}-

245 2213 295 2274 De
308 2233 403 2294 grege
416 2232 476 2272 non
490 2213 585 2273 enaim
599 2215 760 2292 quidquam
773 2215 924 2293 deponere
937 2223 1059 2274 tecum:

245 2307 302 2368 Est
315 2308 386 2367 mihi
400 2327 528 2385 namque
543 2307 620 2366 domi
636 2317 729 2387 pater,
746 2309 918 2385 cstinjueta
931 2327 1081 2379 neverea3

244 2400 358 2478 Bisque
372 2401 420 2460 die
435 2409 591 2460 numerent
607 2404 695 2460 ambe
708 2421 813 2480 pecue,
829 2401 907 2459 aiter
919 2410 951 2459 et
964 2400 1076 2460 hader.

245 2494 370 2567 Verium,
386 2493 415 2552 id
429 2493 508 2571 qued
522 2495 615 2556 multd
629 2503 692 2553 tute
703 2496 768 2573 ipse
781 2494 916 2553 fatebere
929 2493 1038 2570 majus,

248 2587 397 2667 (Insanire
411 2588 484 2646 libet
498 2588 637 2664 quoniam
650 2589 715 2668 tibi)
729 2588 838 2666 poeula
851 2606 960 2665 penam

245 2671 527 2762 Fagim,'caelatum
542 2681 632 2741 divini
645 2702 720 2761 opus
733 2681 951 2741 Alcimedontis
966 2699 974 2751 ;

244 2775 344 2837 Lenta
358 2778 465 2853 quibus
478 2786 564 2836 torno
579 2775 658 2836 facili
672 2775 864 2854 superaddita
877 2775 947 2835 vitiu

244 2869 380 2929 Diffusus
393 2868 506 2928 heder-d
519 2870 607 2928 vertit
621 2869 750 2947 pallente
765 2871 934 2946 corymbce.
1147 2934 1151 2943 ,

245 2963 282 3024 In
295 2965 392 3024 medio
406 2963 464 3023 duo
478 2965 582 3044 signa:
602 2963 725 3036 Conon,
741 2973 771 3022 et
786 3007 792 3021 .
811 3009 817 3024 .
835 3009 841 3023 .
859 2965 926 3041 quia
939 2963 994 3023 fuit
1008 2963 1095 3038 alter,

244 3057 413 3136 Descripsit
427 3057 511 3117 radio
524 3067 617 3116 totum
631 3057 681 3135 qui
695 3059 835 3136 gentibue
848 3060 962 3130 orbem,

244 3151 397 3230 Tempora
409 3171 476 3229 qum
491 3171 614 3223 maeror,
632 3171 698 3228 qum
713 3171 824 3210 curvus
838 3161 939 3210 arator
951 3150 1077 3212 haberet
1092 3151 1104 3210 ἓ

244 3244 382 3306 Necdum
396 3246 453 3304 illie
466 3247 552 3304 labra
565 3245 692 3317 admovi,
708 3244 761 3303 sed
774 3245 895 3305 condite
908 3264 1005 3305 cervo.

653 3421 819 3464 ΜΜΕΊῊ.

243 3527 286 3587 Et
299 3528 383 3587 nobie
397 3527 475 3587 idem
488 3527 664 3588 Alcimedon
678 3529 737 3587 duo
751 3529 859 3607 poeula
872 3529 954 3603 fecit,

243 3619 287 3680 Et
299 3622 378 3680 molli
391 3622 505 3680 circum
518 3630 563 3681 eet
577 3641 667 3681 eneae
682 3623 836 3700 ampiexus
850 3623 980 3682 acantho
993 3641 1002 3680 t

244 3713 426 3792 Orpheaque
440 3715 470 3774 in
484 3715 580 3775 medio
595 3715 701 3794 posuit,
717 3715 869 3792 silvesque
883 3722 1054 3792 sequentes.

242 3807 381 3868 Necdum
395 3809 453 3868 illie
466 3810 551 3868 labra
564 3809 691 3882 admovi,
707 3809 761 3869 aed
774 3810 895 3868 condita
909 3828 1006 3870 cervo.

243 3901 275 3960 Si
288 3902 327 3960 ad
342 3903 463 3962 vitulam
476 3911 606 3982 spectas,
622 3903 694 3962 nihil
707 3910 754 3964 eet
769 3902 848 3979 qued
862 3903 972 3980 pocula
983 3902 1098 3963 lauder.

649 4079 826 4122 Menandre.

241 4179 404 4260 Nunquam
417 4182 504 4244 hodie
518 4183 664 4264 effugies:
686 4182 814 4257 veniam,
831 4202 1021 4263 quocumque
1034 4183 1163 4246 voceris.

240 4275 353 4336 Audiet
366 4278 431 4337 hee
444 4277 568 4350 tentum,
584 4278 633 4337 vel
647 4276 790 4354 quiverit
805 4297 813 4349 3
838 4297 922 4351 cece,
938 4277 1112 4340 Palemon!
1190 4278 1232 4338 60

240 4367 390 4443 Efficiam,
406 4371 530 4451 pennae
544 4389 582 4430 ne
596 4385 775 4450 quemquam
788 4391 863 4432 voce
877 4373 1023 4434 iaceam.

479 4469 501 4524 2
