3167 5234
556 542 734 591 AENEIDOS
752 544 822 591 ms.
837 544 884 591 11.

222 682 265 743 Et
278 681 353 741 socii
366 679 469 741 amissi
483 679 632 758 petierunt
645 680 760 741 aethera
772 682 889 760 pennu,

223 774 472 851 Fluminibusque
486 783 636 853 vagantur
649 794 723 834 aves
737 776 811 852 (heu
827 776 893 834 dira
907 792 1039 833 meorum

225 867 377 947 Supplicia
390 867 415 947 l)
437 875 467 925 et
482 868 623 945 scopulos
634 868 811 945 lacrymosis
826 868 950 927 vocibus
964 866 1094 945 impleat.

222 962 304 1023 Huc
317 960 394 1021 adcd
409 980 448 1019 ca
460 960 512 1019 illo
525 960 597 1019 mihi
606 961 670 1037 jam
683 961 834 1039 speranda
848 962 966 1021 luerunt

222 1058 386 1135 Tempore,
403 1075 494 1132 quum
507 1054 587 1115 serso
601 1057 740 1116 coelcstia
752 1076 881 1135 corpora
896 1056 1019 1115 demens

223 1151 354 1230 Appetii,
371 1158 401 1209 et
414 1150 545 1210 Veneris
559 1150 668 1211 violavi
681 1152 806 1211 vulnere
820 1152 964 1211 dextram.

224 1245 252 1305 N
255 1265 273 1303 e
286 1244 371 1318 vcrd,
387 1264 424 1303 ue
440 1264 488 1303 me
501 1244 540 1303 ad
552 1245 631 1304 tales
645 1246 786 1325 impellite
801 1265 926 1325 pugnas.

223 1340 292 1399 Nec
305 1340 378 1399 mihi
392 1358 461 1399 cum
474 1339 606 1399 Teucris
619 1341 713 1401 ullum
726 1349 793 1418 post
807 1350 895 1400 erute
907 1340 1019 1400 bellum

223 1433 375 1512 Pergama
388 1452 396 1503 ;
419 1452 478 1492 acc
490 1441 626 1493 veterum
640 1435 761 1494 memini
775 1434 896 1494 laetcrve
911 1434 1067 1493 malorum.

223 1526 364 1599 Munera,
381 1545 448 1604 quas
462 1527 566 1604 patriis
579 1527 618 1587 ad
631 1548 680 1587 me
695 1528 819 1607 portatis
833 1529 871 1587 ab
886 1528 957 1599 oris,

224 1620 343 1679 Vertite
356 1620 395 1677 sd
408 1620 544 1680 AEueaa.
587 1622 729 1680 Stetimus
742 1622 805 1680 tels
818 1640 927 1699 aspera
938 1627 1055 1692 contra,

226 1714 475 1791 contulimusque
488 1734 595 1776 manus
608 1735 616 1773 ι
637 1723 761 1793 experte
774 1714 898 1785 credite,
916 1720 1045 1791 quantus

226 1806 261 1867 ln
274 1808 413 1885 clypeum
427 1817 578 1887 assurgat,
595 1828 655 1885 quc
666 1808 786 1867 turbiue
798 1816 937 1885 torqueat
952 1808 1078 1891 hastam.

225 1902 257 1961 Si
270 1902 330 1961 duc
345 1910 492 1980 praeterea
505 1903 583 1961 tales
596 1903 680 1961 ldsa
693 1903 810 1961 tulisset

224 1996 321 2055 Terra
334 1996 425 2067 viros,
441 1996 517 2055 ultro
532 1996 670 2055 Inachias
683 1997 814 2056 venisset
829 1995 868 2055 ad
882 1997 972 2055 urbes

224 2090 398 2162 Dmdaaus,
411 2100 442 2150 ct
456 2091 553 2149 versis
565 2092 685 2169 lugeret
697 2090 821 2150 Graecia
833 2072 911 2151 latis.

226 2183 381 2262 Quidquid
396 2185 474 2262 apud
488 2184 571 2245 duras
585 2194 735 2244 cessatum
750 2192 796 2243 est
810 2184 922 2243 moeuia
935 2182 1047 2260 'Pi-ojus,

226 2276 370 2337 Hectoris
383 2273 556 2355 AEue'oeque
569 2298 658 2337 mauu
672 2278 800 2339 victoria
814 2274 941 2337 Graiitm

225 2366 335 2443 Haesit',
351 2379 382 2430 et
396 2372 427 2429 in
439 2372 589 2431 decimum
603 2371 731 2449 vestigia
742 2371 844 2429 retulit
858 2389 977 2429 aunum.

225 2464 324 2524 Ambo
339 2465 456 2535 animis,
472 2467 560 2525 ambo
573 2466 707 2544 insignes
721 2465 931 2542 prestantibus
945 2462 1057 2523 mauis:

225 2556 288 2615 Hic
303 2558 412 2635 pietate
427 2559 517 2636 prior.
560 2558 680 2619 Cedant
694 2559 724 2617 ia
738 2557 854 2617 soedera
867 2558 990 2628 dextra,

227 2649 300 2718 Qus
312 2650 421 2711 datur:
444 2661 490 2711 ast
503 2654 594 2712 armis
606 2660 788 2713 concurrant
804 2671 898 2723 arma,
915 2658 1031 2711 cavete.

225 2743 266 2803 Et
280 2764 426 2823 responsa
438 2747 526 2805 simul
541 2766 608 2824 quse
622 2747 692 2816 siut,
709 2765 761 2805 rsx
775 2746 896 2825 optime,
914 2747 996 2824 regis

225 2837 356 2911 Audisti,
371 2847 403 2897 et
417 2859 485 2916 quse
498 2841 537 2899 sit
550 2859 660 2918 magno
673 2840 824 2899 sententia
838 2840 926 2899 bello.

264 2932 326 2990 Vix
339 2951 377 2990 ea
390 2933 482 3012 legati
496 2952 504 3003 ;
528 2934 689 3011 variusque
704 2953 758 3012 per
770 2953 826 2993 ora
840 2933 973 2993 cucurrit

228 3026 416 3087 Ausonidism
428 3029 549 3086 turbata
561 3028 671 3087 srsmm
685 3047 693 3086 z
716 3048 773 3087 ceu
787 3047 863 3087 saxa
876 3034 1030 3087 morantur

227 3120 331 3189 Quum
343 3122 463 3200 rapidos
476 3140 580 3181 amues
593 3142 602 3193 ;
626 3123 658 3181 fit
671 3123 776 3182 clausu
788 3121 909 3201 gurgite
923 3140 1067 3195 murmur,

226 3214 406 3292 Vicinseque
420 3215 548 3275 fremunt
561 3216 634 3294 ripae
648 3217 865 3295 crepitantibus
880 3216 976 3276 undis.

226 3307 265 3369 Ut
279 3309 407 3387 primum
420 3309 530 3386 placati
544 3309 646 3381 animi,
661 3318 692 3367 et
705 3310 823 3386 trepida
836 3328 890 3367 ora
905 3306 1057 3385 quidmst,

226 3403 377 3462 Praelatus
391 3403 486 3473 divos,
501 3403 578 3461 solio
590 3421 646 3461 rex
659 3403 724 3462 infit
738 3405 776 3461 ab
791 3404 872 3461 alto:

265 3496 346 3555 Ante
360 3496 499 3573 equidem
511 3495 629 3555 summai
641 3496 679 3555 ds
692 3515 726 3555 re
739 3497 892 3567 statuisse,
906 3493 1019 3567 Latini,

226 3590 269 3649 Et
283 3591 401 3661 vellem,
416 3601 448 3647 ct
462 3590 558 3649 suerat
573 3590 701 3649 melius:
723 3609 784 3649 nou
798 3598 931 3666 tempore
945 3590 999 3647 tali

228 3683 350 3763 Cogere
365 3684 533 3755 concilium,
551 3704 642 3761 quum
655 3703 757 3743 mures
770 3684 883 3743 assidet
897 3684 999 3743 hostis.

227 3775 346 3837 Bellum
359 3778 568 3855 importunum,
583 3778 677 3849 cives,
694 3796 763 3837 cum
779 3786 870 3857 gente
884 3776 1009 3835 deorum

228 3870 413 3948 Invictisque
428 3872 499 3930 viris
513 3872 656 3950 gerimus,
673 3890 749 3947 quos
763 3871 845 3929 nulla
859 3870 984 3948 fatigent

228 3964 353 4037 Proelia,
368 3984 427 4023 nec
440 3965 511 4025 victi
526 3971 650 4042 possunt
664 3964 810 4023 absistere
824 3964 914 4023 ferro.

231 4059 332 4137 Spem,
348 4059 373 4117 si
389 4078 478 4135 quam
491 4058 614 4117 adscitis
626 4058 768 4119 AEtottm
780 4058 926 4117 habuistis
940 4058 970 4117 iu
986 4057 1087 4133 mmis,

226 4150 349 4222 Ponita;
365 4151 651 4229 spessibiquisque.
682 4152 742 4211 Sed
753 4152 830 4224 haec,
844 4152 934 4228 quam
944 4149 1219 4231 angusta,videtis!
1330 4180 1336 4188 ·

228 4245 354 4309 Caetera
367 4245 430 4322 qud
442 4266 544 4305 rerum
553 4246 676 4322 jaceant
689 4246 830 4324 perculsa
843 4244 943 4319 suiad,
1162 4246 1222 4305 ³10

227 4341 307 4401 Ante
322 4340 428 4399 oculos
441 4340 580 4417 interque
592 4358 699 4401 manus
712 4348 782 4400 suat
796 4340 895 4399 omnia
907 4346 1036 4401 vestras.

509 4436 548 4491 26
