3167 5234
578 521 783 572 Buconica.
812 525 927 574 SCM.

264 661 331 722 Noc
344 662 425 720 maia
439 661 528 722 ricini
541 663 659 741 pecoris
672 664 814 744 contagia
823 664 944 725 ludant.

264 755 428 814 Fortunato
442 775 535 816 aanor
550 761 557 816 t
579 757 639 830 hio,
655 759 733 818 inter
746 759 869 818 flumina
882 766 954 818 nota

263 848 304 908 Et
317 849 414 908 sontes
427 869 543 923 sacros,
559 851 654 930 frigus
667 853 804 930 captabis
816 870 954 931 opacum.

263 941 346 1002 Hinc
360 943 424 1016 tibi,
441 963 508 1022 quaa
523 964 641 1023 sempor
654 946 752 1005 vicino
766 948 805 1005 ab
821 946 913 1004 limita
926 964 1015 1023 sapas

263 1035 402 1114 Hybimis
416 1039 522 1116 apibus
536 1039 639 1098 florem
652 1039 777 1118 depasta
790 1040 900 1112 salicti,

265 1131 350 1209 Saspc
365 1131 423 1190 lari
437 1151 570 1192 somnum
586 1135 722 1194 suadebit
737 1135 811 1193 inira
825 1153 955 1194 susurro.

263 1223 346 1284 Hinc
360 1225 421 1284 alit
434 1228 489 1285 sub
503 1247 576 1305 rupe
591 1237 678 1286 canat
693 1228 846 1287 frondator
859 1229 897 1286 ad
911 1245 1001 1286 auras
1017 1247 1025 1297 ;

263 1317 291 1378 N
294 1337 329 1378 ac
343 1327 443 1379 tamcn
457 1320 571 1378 interea
585 1339 697 1393 raucas,
714 1331 766 1380 tua
786 1341 871 1394 cura,
887 1321 1052 1400 palumbes,

263 1411 292 1472 N
294 1431 330 1472 oc
343 1431 464 1490 garnero
478 1413 565 1474 aiirifi
578 1416 708 1474 cessabit
721 1423 820 1474 turtur
833 1417 871 1474 ab
883 1416 972 1475 ulmo.

683 1591 825 1632 alamus.

262 1694 341 1754 Anto
355 1697 438 1756 loves
452 1717 526 1777 crgo
540 1707 701 1777 pascentur
714 1699 744 1758 in
758 1698 871 1756 oetbcrc
885 1698 978 1770 corvi,

262 1789 302 1850 Et
316 1790 393 1850 freta
406 1791 565 1852 destituant
580 1793 676 1852 nudos
689 1795 718 1853 in
733 1794 832 1852 littora
847 1794 946 1870 piscas
962 1811 970 1862 ;

262 1882 350 1954 Anto,
367 1887 529 1962 pererratis
543 1889 696 1946 amborum
710 1887 829 1957 finibus,
845 1887 931 1945 exsul

262 1977 322 2034 Aut
335 1978 455 2036 Ararim
468 1979 598 2038 Partbus
610 1981 702 2051 bibat,
721 1989 771 2038 aut
784 1979 950 2040 Germania
961 1979 1088 2058 Tigrim,

263 2067 362 2138 Quam
376 2079 478 2131 nostro
491 2073 570 2132 iilius
583 2075 701 2134 labatur
715 2081 837 2151 pectore
852 2073 959 2134 vultus.

665 2249 843 2291 nubimus.

260 2353 301 2410 At
314 2371 369 2412 nos
383 2353 452 2412 binc
466 2354 517 2412 ulii
531 2354 664 2414 sitientes
678 2355 785 2416 ibimus
798 2355 912 2424 Afros3

261 2443 337 2504 Pars
351 2447 513 2524 Scythiam,
530 2455 559 2506 et
573 2449 705 2526 rapidum
720 2449 823 2507 Cretas
836 2448 989 2506 veniamus
1003 2447 1129 2520 Oaxen),

260 2538 302 2598 Et
316 2540 432 2618 penitius
445 2549 508 2598 toto
522 2541 633 2600 divisos
647 2543 719 2599 orbo
733 2541 903 2600 Britannos.

261 2633 321 2706 En,
338 2654 467 2712 unquam
482 2636 593 2713 patrios
606 2637 695 2712 longo
710 2635 776 2713 post
789 2647 922 2712 temporo
936 2635 1022 2707 fines,

261 2727 407 2806 Pauperis
421 2735 450 2786 et
464 2729 566 2806 tuguri
580 2739 755 2807 congestum
769 2730 882 2806 cespite
896 2730 1026 2800 culmen,

260 2821 333 2880 Post
347 2823 469 2901 aliquot,
486 2842 553 2880 moa
566 2841 661 2902 regna
680 2823 793 2894 videns,
811 2822 940 2880 mirabor
955 2822 1064 2880 aristas
1079 2821 1090 2878 i

261 2914 373 2992 Impius
386 2917 451 2975 baec
465 2925 525 2974 tam
539 2917 620 2974 culta
630 2917 748 2975 novalia
763 2917 847 2974 miles
861 2916 983 2974 habebit
999 2915 1010 2972 ?

260 3007 414 3068 Barbarus
428 3009 482 3070 has
496 3021 617 3088 segetes
632 3009 642 3065 ?
682 3009 741 3080 En,
759 3008 818 3084 quo
833 3008 982 3067 discordia
996 3009 1078 3067 ciras

260 3103 403 3163 Produxit
417 3105 543 3164 miseros
557 3107 564 3163 i
605 3105 664 3176 En,
682 3105 767 3181 queis
781 3104 970 3162 consevimus
984 3105 1095 3181 agros!

261 3195 365 3256 Insere
379 3217 469 3270 nunc,
484 3197 640 3268 Meliboec‚
657 3199 737 3276 piros
753 3201 760 3256 !
782 3217 859 3276 pona
873 3197 975 3255 ordina
989 3196 1066 3254 vitas
1081 3198 1088 3254 i

300 3291 346 3349 Itc
361 3311 446 3364 moa,
461 3292 532 3350 felix
546 3291 693 3369 quondam
709 3311 812 3369 pecus,
829 3291 880 3362 ite,
897 3290 1032 3367 capellae.

260 3384 330 3444 Non
344 3404 401 3462 cgo
416 3405 468 3444 vos
482 3387 616 3463 posthac,
632 3386 718 3443 viridi
733 3385 882 3462 projectus
896 3385 926 3442 in
940 3390 1050 3455 antro„

260 3477 395 3537 Dumosa
409 3479 538 3557 pendere
554 3479 657 3556 procul
671 3479 707 3536 de
723 3497 797 3555 rupo
811 3478 938 3537 videbo:

262 3569 405 3630 Carmina
418 3573 501 3631 nulla
514 3591 621 3631 canam
636 3590 643 3629 ε
666 3591 735 3644 non,
751 3591 798 3630 mc
813 3577 965 3649 pascente,
981 3567 1117 3647 capella,

261 3663 432 3726 Fiorantcm
445 3667 573 3756 cytisum
586 3675 616 3724 at
630 3665 738 3724 salicos
756 3663 888 3742 carpatis
901 3681 1028 3722 amaras.

680 3843 823 3884 alwinus.

259 3946 324 4006 Hic
336 3955 436 4006 tamon
450 3948 528 4007 banc
541 3967 658 4006 mecum
673 3955 791 4025 poteras
805 3944 997 4022 requiescere
1011 3950 1129 4003 noctem

257 4039 378 4102 Fronde
393 4062 483 4120 super
495 4043 581 4102 viridi
596 4063 604 4113 3
629 4050 696 4101 sunt
717 4041 803 4099 nobis
816 4040 898 4098 mitia
911 4057 1008 4116 poma,

259 4134 421 4196 Castaneae
435 4137 550 4208 molics,
567 4146 596 4195 ct
612 4136 705 4215 pressi
719 4135 807 4213 copia
820 4134 907 4192 lactis
923 4151 930 4191 :

257 4229 298 4289 Et
308 4231 371 4306 jam
385 4250 500 4289 summa
514 4231 618 4308 procul
632 4231 768 4288 villarum
783 4228 913 4288 culmina
926 4227 1052 4298 fumant,

257 4321 452 4402 Majorasqua
467 4325 576 4384 cadunt
591 4325 658 4384 altis
673 4324 709 4382 ds
723 4324 872 4382 montibus
885 4323 1008 4380 umbrae.

897 4433 914 4468 B
