3167 5234
569 541 743 590 AENEIDOS
762 543 832 590 ΜΒ.
846 543 909 591 vlt.

247 680 328 741 Tum
341 679 449 738 contra
460 679 482 738 J
483 697 542 737 uno
555 695 562 736 τ
584 677 748 739 Terrarum
761 689 791 738 et
805 681 919 740 t'raudis
932 681 1050 742 abunde
1064 687 1130 742 estc

249 777 335 836 Stant
349 775 419 833 belli
433 793 534 832 causa
548 793 556 843 ;
580 783 729 852 pugnatur
742 776 906 834 comminus
924 776 1035 845 armis3

248 867 328 935 Quae
342 869 404 926 sors
417 867 512 944 prima
526 867 615 939 dedit,
631 869 754 945 sanguis
769 888 863 926 novus
876 869 979 926 imbuit
992 887 1088 928 arma.
1210 931 1213 936 ,

246 959 338 1018 Talia
353 960 503 1019 connubia
516 967 546 1016 et
559 961 635 1018 tales
650 961 803 1020 celebrent
819 963 990 1038 hymenaeos

250 1053 417 1132 Egregium
428 1053 558 1111 Veneris
571 1071 667 1131 genus
681 1060 710 1111 et
724 1073 777 1112 rex
792 1055 855 1131 ipse
869 1053 1005 1114 Latinus.

247 1148 294 1207 Te
308 1167 401 1226 super
414 1149 553 1208 aetherias
567 1167 671 1207 enare
685 1150 824 1208 licentius
838 1168 927 1210 auras

247 1241 343 1300 Haud
357 1241 448 1300 Pater
461 1239 511 1300 ille
526 1242 606 1313 velit,
621 1243 726 1300 summi
740 1251 883 1321 regnator
895 1244 1014 1322 Olympi
1026 1263 1035 1314 ;

248 1333 335 1394 Cede
350 1335 433 1394 locis.
468 1335 548 1412 Ego,
564 1336 590 1392 si
604 1355 663 1412 qua
678 1355 768 1413 super
781 1337 900 1396 fortuna
912 1338 1048 1396 laborum
1059 1343 1117 1410 est,

248 1425 320 1506 Ipsa
333 1447 447 1506 regam.
489 1429 582 1487 Tales
596 1428 720 1486 dederat
734 1430 876 1488 Saturnia
888 1448 988 1490 voces.

249 1521 308 1582 Illa
321 1531 419 1582 autem
435 1524 540 1582 attollit
554 1524 713 1582 stridentes
727 1525 875 1602 anguibus
889 1525 964 1596 alae,
1047 1559 1054 1566 -

143 1675 151 1688 ,
250 1614 420 1693 Cocytique
435 1617 506 1693 petit
519 1616 632 1688 sedem,
648 1635 758 1693 supera
771 1617 865 1675 ardua
877 1619 1024 1694 linquena

249 1709 306 1768 Est
320 1710 415 1782 locus,
432 1707 526 1768 ltalioe
542 1709 637 1768 medio
651 1710 707 1768 sub
721 1710 869 1768 montibus
883 1711 961 1782 altis,

249 1802 377 1874 Nobilis,
394 1813 423 1861 et
437 1801 518 1861 fami
530 1803 629 1861 multis
649 1812 828 1862 memoratus
841 1804 871 1861 in
884 1804 956 1876 oris,

248 1895 405 1954 Amsancti
420 1897 533 1964 valles3
557 1895 657 1954 densis
671 1897 751 1954 hunc
765 1896 918 1955 frondibus
931 1906 1029 1956 atrurn

248 1988 345 2067 Urget
361 1989 506 2066 utrimque
521 1990 599 2047 latus
612 1989 751 2060 nemoris,
767 1990 924 2065 medioque
938 1989 1077 2068 fragosus

248 2081 311 2140 Dat
326 2083 453 2140 sonitum
468 2082 548 2140 saxis
562 2091 591 2140 et
604 2089 681 2140 torto
696 2082 810 2141 vortice
822 2091 949 2143 torrens.

249 2173 313 2234 Hic
328 2194 438 2252 specus
451 2175 640 2246 horrendum,
657 2175 730 2234 saevi
743 2176 894 2252 spiracula
907 2175 996 2247 Ditis,

249 2267 436 2326 Monstratur
450 2287 458 2338 ;
481 2277 628 2345 ruptoque
642 2269 748 2346 ingene
761 2269 933 2326 Acheronte
948 2287 1060 2346 vorago

248 2357 412 2419 Pestiferas
427 2361 522 2438 aperit
535 2361 649 2432 fauces,
665 2362 749 2437 queis
764 2361 883 2419 condita
896 2362 1039 2439 Erinnys,

250 2453 382 2514 Invisum
395 2474 515 2526 numen,
529 2463 627 2513 terras
641 2455 811 2530 coelumque
829 2455 957 2513 levabat.

289 2551 356 2609 Nec
370 2551 468 2610 minius
481 2551 597 2609 interea
610 2559 772 2610 extremam
787 2551 929 2608 Saturnia
941 2549 1020 2608 bello

251 2641 377 2721 Imponit
391 2645 497 2721 regina
509 2663 637 2703 manum.
678 2643 753 2702 Ruit
767 2644 863 2701 omnis
876 2643 906 2700 in
920 2646 1026 2702 urbem

249 2737 408 2796 Pastorum
422 2755 458 2794 ex
474 2738 539 2795 acie
552 2755 705 2808 numerus,
721 2753 878 2812 caesosque
896 2743 1058 2813 reportant,

249 2829 406 2888 Almonem
420 2849 554 2908 puerum,
570 2829 732 2906 t'oedatique
747 2848 801 2888 ora
814 2830 927 2888 Galaesi
941 2847 950 2898 3
992 2887 1000 2900 ,

250 2921 471 3000 implorantque
485 2923 568 2993 deos,
585 2925 832 2998 obtestanturque
845 2922 996 2982 Latinum.

249 3015 371 3074 Turnus
386 3016 480 3087 adest,
498 3015 654 3093 medioque
669 3016 699 3074 in
713 3016 847 3087 crimina,
860 3015 951 3074 cadis
964 3022 995 3073 et
1006 3015 1085 3094 ignis

248 3108 412 3166 Terrorem
425 3109 585 3186 ingeminet
599 3127 607 3164 τ
629 3109 766 3168 Teucros
779 3111 810 3167 iu
824 3129 919 3187 regna
932 3109 1046 3180 vocari,

250 3201 379 3279 Stirpem
393 3201 550 3260 admisceri
563 3201 725 3280 Phrygiam
739 3222 747 3271 ;
770 3221 804 3260 se
818 3203 918 3260 limina
932 3202 1011 3280 pelli.

248 3291 338 3364 Turn,
355 3313 479 3369 quorum
494 3296 624 3352 attonita
639 3295 761 3352 Baccho
774 3314 895 3360 nemora
909 3296 977 3352 avia
990 3302 1100 3353 matres

250 3386 397 3444 Insultant
411 3387 525 3459 thiasis,
541 3407 639 3462 neque
654 3388 733 3446 enim
746 3389 812 3446 leve
826 3407 934 3447 nomen
947 3389 1073 3459 Amatae,

249 3477 390 3555 Undique
404 3481 522 3538 collecti
538 3484 657 3552 coe'unt,
673 3481 862 3558 Martemque
878 3481 1013 3557 fatigant.

250 3570 336 3629 llicet
351 3573 500 3632 infandum
515 3573 614 3632 cuncti
628 3583 732 3634 contra
745 3574 844 3658 ont'gitr
857 3573 977 3645 bellum,

250 3663 366 3724 Contra
380 3665 442 3724 fata
455 3666 553 3738 dedm,
570 3686 711 3744 perverso
725 3657 845 3725 numine
860 3673 994 3744 poscunt.

249 3755 397 3817 Certatim
411 3761 493 3838 regis
506 3761 698 3819 circumstant
711 3768 792 3818 tecta
805 3758 916 3817 Latini.

249 3849 316 3922 llle,
333 3851 414 3910 velut
429 3853 528 3931 pelagi
541 3873 630 3930 rupes
644 3853 773 3923 immota,
784 3841 907 3911 'resistit
915 3869 923 3919 3
1026 3859 1031 3870 '

252 3943 306 4022 [Ut
320 3946 420 4023 pelagi
434 3965 534 4022 rupes,
550 3965 659 4024 magno
673 3945 810 4004 veniente
824 3943 971 4021 fregona]

249 4037 328 4104 Quae
342 4057 421 4110 sesa,
437 4039 536 4098 multis
550 4040 663 4098 circium
677 4038 852 4096 latrantibus
866 4035 963 4108 undis,

248 4129 331 4190 Mole
344 4139 427 4190 tenet
441 4152 448 4202 ;
473 4133 587 4210 scopuli
601 4131 801 4208 nequidquam
815 4139 845 4188 et
858 4149 982 4206 spumea
995 4129 1109 4190 cirrum

246 4223 330 4282 Saxa
343 4223 484 4299 fremunt,
500 4227 646 4302 laterique
660 4225 737 4282 illisa
751 4223 917 4281 refunditur
931 4224 1008 4301 algo.

246 4316 373 4390 Verium,
388 4321 439 4378 ubi
452 4321 534 4380 nulla
548 4321 636 4380 datur
649 4337 764 4378 cacum
777 4335 958 4395 exsuperare
973 4325 1104 4396 potestas
1196 4315 1202 4331 '

921 4431 958 4470 cc
