3167 5234
342 535 381 592 ιο
626 529 654 576 r.
672 527 838 576 moun
857 525 1034 574 reasons

700 810 894 880 ECLOGA
914 809 964 876 IL

762 973 904 1024 mens.

336 1119 517 1180 Formosum
528 1125 630 1197 pastor
643 1117 786 1196 Corydon
800 1117 925 1176 mdebat
937 1116 1058 1188 Alexin,

335 1213 471 1272 Delicias
484 1213 594 1272 domini
608 1233 617 1284 ;
640 1232 708 1284 nec,
724 1213 795 1288 qnid
808 1220 957 1289 menard,
971 1211 1114 1270 habebat.

334 1307 465 1366 Tanthm
478 1308 555 1364 inter
567 1306 687 1377 domu,
703 1308 845 1364 umbrosa
857 1305 1028 1376 ammian,
1042 1305 1131 1382 tages

334 1399 468 1460 Assidui
484 1400 622 1458 veniebat
638 1419 647 1470 ;
670 1400 711 1458 ibi
724 1398 790 1458 hoec
805 1398 956 1457 incondita
966 1397 1050 1456 solus

334 1492 488 1552 Montibus
502 1502 532 1552 et
546 1493 628 1551 silvis
641 1492 739 1550 studio
748 1492 885 1567 jactabat
902 1492 994 1549 inani,

372 1586 401 1646 Ο
414 1585 545 1645 crudelis
559 1585 657 1656 Alexi,
673 1585 745 1644 nihil
759 1603 827 1642 mea
839 1585 974 1642 carmina
986 1601 1078 1641 curas
1094 1581 1106 1638 i

334 1679 385 1740 Nil
400 1679 492 1737 noshi
506 1679 649 1738 miserere
666 1679 677 1734 ἓ
696 1678 772 1736 mori
785 1697 833 1736 me
846 1677 976 1754 denique
989 1693 1093 1754 coges.

333 1771 424 1832 Nunc
438 1773 527 1830 etiam
541 1772 672 1850 pecudes
686 1772 808 1830 umbrae
820 1779 851 1828 et
864 1769 977 1848 frigora
991 1776 1112 1846 captant
1126 1787 1136 1840 ς

332 1863 422 1924 Nunc
437 1865 547 1924 virides
560 1866 650 1924 etiam
662 1866 814 1924 occultant
826 1864 944 1942 spineta
956 1863 1088 1922 lacertos
1101 1881 1111 1920 ε

331 1957 486 2036 Thestylis
498 1967 529 2016 et
542 1958 645 2036 repirlo
660 1958 747 2018 sessis
759 1958 942 2016 messoribus
955 1964 1031 2015 testu
1286 1958 1323 2018 10

331 2053 414 2112 Allia
427 2053 660 2130 serpyllumque,
676 2053 787 2112 herbas
799 2052 954 2112 contundit
967 2051 1094 2112 olentes.

331 2147 372 2205 At
386 2165 503 2204 mecum
517 2146 627 2218 raucis,
643 2155 697 2204 tua
709 2146 778 2204 dum
795 2144 925 2223 vestigia
937 2144 1042 2216 lustro,

333 2239 402 2298 Sole
416 2240 472 2298 sub
486 2239 600 2298 ardenti
615 2249 756 2298 resonent
770 2241 895 2297 arbusta
906 2237 1029 2297 cicadis.

331 2331 439 2394 Nonne
453 2331 508 2390 fuit
522 2333 616 2391 satius
629 2333 730 2391 tristes
743 2331 939 2410 Amaryllidis
952 2330 1014 2390 iras
1195 2403 1200 2413 ⁸

330 2423 432 2502 Atque
446 2426 577 2502 superbo
591 2426 650 2503 poti
664 2426 783 2484 fastidia
797 2427 809 2482 ἓ
828 2444 928 2484 nonne
942 2423 1109 2484 Menalcan
1123 2423 1135 2482 i
1285 2427 1322 2488 15

331 2516 478 2586 Quamvis
491 2519 540 2576 ille
555 2519 652 2597 niger,
669 2520 805 2596 quemvis
818 2527 851 2578 tu
864 2516 1010 2578 candidus
1022 2538 1117 2578 esses.

331 2611 360 2670 0
374 2610 500 2670 formose
514 2631 599 2689 puer,
615 2613 736 2672 nimihm
750 2633 788 2670 ne
802 2613 894 2672 crede
907 2612 1002 2670 colori
1016 2615 1024 2670 i

330 2704 410 2764 Albe
423 2705 548 2782 ligustra
563 2703 684 2777 cadunt,
700 2705 838 2765 vaccinia
850 2705 939 2782 nigra
951 2704 1103 2783 leguntur.

306 2832 310 2841 r
330 2795 502 2874 Despectus
515 2795 570 2855 tibi
584 2816 660 2870 sum,
676 2817 733 2856 nec
749 2798 802 2876 qui
814 2798 871 2855 sim
885 2798 1006 2872 queris,
1021 2797 1111 2855 Alexi
1124 2816 1133 2868 ;

330 2886 429 2958 Quim
442 2889 526 2948 dives
540 2890 657 2967 pecoris
672 2891 761 2964 nivei,
777 2889 867 2968 quim
879 2890 967 2949 laetis
981 2889 1148 2952 abundans.
1207 2895 1214 2910 ⁸
1279 2895 1320 2952 20

329 2981 413 3042 Mille
428 3002 503 3041 mete
518 2981 628 3044 Siculis
643 2992 745 3043 errent
760 2985 789 3042 in
803 2985 953 3044 montibus
968 3003 1076 3064 agnam

328 3076 395 3136 Lac
409 3075 479 3134 mihi
492 3096 551 3136 non
562 3085 667 3136 aestate
681 3097 801 3149 novum,
814 3098 874 3137 non
887 3078 999 3157 frigore
1013 3078 1094 3137 defit.

329 3169 440 3242 Canto,
458 3189 524 3247 quae
539 3171 653 3243 solitus,
670 3171 695 3230 ai
710 3172 829 3249 quando
842 3181 976 3232 armenta
990 3174 1128 3246 voeabet,

329 3261 479 3342 Amphion
493 3263 633 3323 Dircaeus
649 3264 680 3324 in
695 3265 803 3324 Actaeo
815 3265 1001 3343 Aracyntho.

329 3357 358 3418 N
360 3377 396 3416 ec
411 3377 476 3416 sum
491 3357 566 3420 adeo
581 3358 736 3428 informis3
760 3378 856 3438 nuper
869 3379 916 3418 me
930 3360 961 3418 in
975 3360 1073 3419 littore
1087 3361 1159 3434 vidi,
1278 3363 1319 3423 95

329 3447 432 3518 Quum
446 3451 593 3528 placidum
607 3453 703 3510 ventis
717 3460 810 3512 steret
823 3471 928 3511 mara:
951 3473 1010 3512 non
1024 3473 1083 3534 ego
1095 3455 1250 3534 Daphnin,

327 3543 436 3603 Judice
451 3553 491 3617 to,
507 3553 647 3616 metuam,
664 3546 689 3604 si
704 3565 856 3622 nunquam
869 3546 952 3605 fallat
967 3546 1076 3626 imago.

367 3637 522 3697 Otanthm
536 3637 627 3697 libeat
643 3658 759 3698 mecum
772 3640 826 3698 tibi
840 3639 960 3698 sordida
972 3661 1045 3702 rure

328 3731 428 3806 Atque
442 3731 569 3790 humiles
583 3730 719 3791 habitere
733 3751 832 3804 enses,
849 3741 879 3791 et
893 3734 987 3811 figere
1001 3755 1118 3807 cervos,

329 3821 554 3902 Haedorumque
569 3845 693 3904 gregem
708 3825 795 3885 viridi
808 3827 989 3904 compellere
1003 3829 1138 3889 hibisco!
1276 3833 1318 3891 ³0

328 3915 450 3976 Mecum
465 3915 525 3978 uni
538 3919 566 3976 in
582 3919 664 3978 silvis
678 3919 833 3979 imitabere
847 3919 931 3980 Pena
945 3922 1091 3982 canendo.

328 4008 393 4070 Pen
409 4010 518 4087 primus
531 4011 663 4072 calamos
677 4015 746 4072 ceri
761 4013 945 4092 conjungere
959 4015 1061 4092 plures

329 4099 458 4162 Instituit
472 4123 479 4174 3
503 4103 568 4162 Pan
583 4111 668 4162 curat
683 4125 755 4164 oves
769 4107 927 4184 oviumque
941 4108 1108 4190 magistros.

329 4196 440 4256 Necte
456 4198 597 4276 poenitent
611 4198 727 4257 calamo
742 4199 859 4258 trivisse
876 4201 1037 4260 labellum:

328 4289 408 4350 Haec
422 4291 527 4350 eadem
541 4300 572 4351 ut
586 4292 687 4365 sciret,
704 4291 774 4369 quid
789 4313 848 4354 non
861 4293 991 4354 faciebat
1004 4296 1150 4375 Amyntas
1164 4298 1175 4358 l
1274 4302 1313 4361 ³5
