3167 5234
362 566 416 623 lld
658 556 685 604 P·
699 556 865 603 vtaurmt
882 554 1053 603 MAROMS

357 697 569 758 Thessandrus
583 697 804 773 Sthenelusque
816 696 920 767 duces,
936 704 966 754 et
979 694 1062 753 dirus
1074 693 1213 770 Ulyssss,

357 791 530 852 Demissum
543 792 619 869 lapsi
637 810 691 868 per
704 792 815 861 sunem,
831 790 1033 866 Acamasque,
1048 787 1224 864 Thoasque,

357 885 537 963 Pelidesque
552 885 776 963 Neoptolemus,
793 884 965 960 primusque
983 882 1146 953 Machaon,

358 978 399 1038 Et
412 979 578 1052 Menelatis,
594 986 624 1036 et
638 978 701 1055 ipse
716 977 776 1035 dcli
789 976 951 1035 febrientes
962 975 1075 1053 Epeos

358 1071 506 1133 Invadunt
521 1076 625 1132 urbem
639 1092 742 1131 somno
756 1073 885 1148 vinoque
898 1070 1045 1148 sepultam
1060 1089 1068 1127 z
1285 1071 1345 1129 266

359 1164 526 1227 Caeduntur
540 1167 646 1245 vigiles
661 1184 669 1236 ;
693 1166 846 1243 portisque
862 1164 1033 1241 patentibus
1045 1182 1150 1222 ornnes

359 1258 517 1337 Accipiunt
532 1260 640 1331 socios,
657 1268 746 1336 atque
761 1259 882 1337 agmina
894 1257 1018 1316 conscia
1032 1257 1173 1335 jungunt.

314 1362 338 1373 ’“
397 1352 531 1432 Tempus
545 1362 621 1424 erat,
638 1372 697 1430 quo
714 1354 808 1431 prima
823 1352 909 1427 quies
924 1351 1098 1409 mortalibus
1111 1349 1204 1429 aegris

359 1444 477 1525 Incipit,
493 1458 522 1507 et
539 1448 618 1536 donp
631 1446 730 1506 divam
744 1446 914 1525 gratissima
927 1446 1029 1523 serpit.

301 1586 304 1593 .
359 1538 394 1598 Iu
412 1541 533 1613 somnis,
550 1561 634 1613 ecee,
652 1548 720 1599 ante
735 1541 839 1599 oculos
857 1540 1063 1598 maestissimus
1076 1538 1195 1597 Hector
1285 1538 1345 1596 000

358 1632 451 1692 Visus
465 1635 571 1693 adesse
592 1634 673 1705 milri,
689 1635 851 1713 largosque
865 1634 1018 1692 adtendere
1036 1632 1145 1702 flatus3

358 1726 507 1805 Raptatus
522 1727 609 1805 bigis,
626 1720 658 1785 ut
672 1728 831 1803 quondam,
847 1733 1111 1803 aterque-cruento

357 1819 497 1889 Pulvere,
515 1840 627 1910 perque
641 1820 733 1898 pedes
751 1821 895 1899 trajectus
911 1821 976 1878 lora
988 1828 1147 1878 tumentes.

358 1912 421 1971 Hei
441 1914 521 1985 mihi,
539 1908 634 1991 qualis
647 1922 713 1973 erat
727 1896 899 1991 bisantium
911 1922 1041 1971 mutatus
1055 1912 1161 1972 abillo

358 2004 506 2079 Hectore,
521 2008 571 2083 qui
585 2008 661 2065 rodit
676 2008 800 2067 exuvias
813 2007 932 2067 indutus
946 2006 1067 2077 Achilli,
1285 2006 1345 2065 Yth

357 2098 417 2158 Vol
431 2100 573 2159 Danalrm
586 2101 735 2179 Phrygios
750 2102 903 2178 jaculatus
917 2100 1065 2178 puppibus
1078 2100 1165 2178 ignes
1179 2102 1188 2157 l

359 2194 552 2270 Squalentem
569 2196 704 2266 barbam,
720 2204 750 2253 et
765 2202 923 2253 concretos
935 2194 1082 2270 sanguine
1095 2193 1205 2265 crines,

357 2284 553 2365 Vulneraque
568 2289 619 2346 illa
631 2306 752 2367 gerens,
770 2307 837 2365 qum
851 2287 964 2346 circum
980 2288 1107 2365 plurima
1118 2305 1220 2346 muros

357 2381 484 2459 Accepit
498 2382 619 2459 patrios.
660 2382 746 2440 Ultro
760 2382 837 2439 flens
849 2382 913 2459 ipse
927 2381 1051 2439 videbar

358 2472 549 2552 Compellare
564 2476 668 2547 virum,
684 2484 715 2533 et
728 2485 853 2535 mmstas
865 2492 1039 2553 expromere
1054 2492 1166 2533 voees:
1286 2474 1345 2533 280

358 2565 451 2626 Olux
463 2566 626 2645 Dardania
641 2571 649 2626 l
671 2588 741 2647 spes
754 2590 772 2627 o
786 2569 930 2627 fidissima
942 2568 1096 2627 Teucrum
1111 2569 1118 2625 l

358 2658 437 2727 Qun
450 2668 541 2719 tantm
554 2659 679 2720 tenudre
693 2680 786 2721 rnoroe
804 2662 815 2717 l
837 2662 945 2740 quibus
958 2661 1078 2720 Hector
1091 2663 1129 2719 ab
1143 2661 1205 2720 oris

357 2750 539 2830 Exspectata
553 2755 638 2813 renis
655 2754 665 2810 l
689 2763 721 2813 ut
735 2763 765 2813 te
781 2764 847 2833 poet
860 2756 953 2813 multa
964 2763 1084 2813 tuorum

357 2846 490 2917 Funera,
507 2855 572 2924 post
587 2848 686 2905 varim
701 2848 911 2924 hominumque
925 2849 1067 2924 urbisque
1081 2848 1211 2920 labam,

357 2936 479 2997 Defessi
496 2939 697 3016 adspicimus!
720 2960 786 3017 qum
800 2960 895 2999 eausa
908 2941 1031 3020 indigna
1043 2960 1168 2999 serenos
1189 2968 1193 2976 ·
1283 2940 1344 2999 285

357 3031 494 3090 Foedavit
509 3033 608 3091 vultus
625 3033 636 3089 ἒ
658 3041 709 3093 aut
723 3035 857 3093 curbare
871 3036 996 3093 uulnera
1008 3034 1127 3092 cerno?

358 3122 412 3182 Ille
426 3124 499 3183 nihil
514 3144 521 3194 ;
545 3144 602 3183 nec
616 3144 665 3183 me
678 3142 862 3203 querentem
876 3146 954 3185 vana
967 3136 1098 3187 moratur
1112 3144 1121 3197 ;

358 3218 429 3291 Sed,
444 3218 576 3296 graviter
589 3220 717 3298 gemitus
730 3221 789 3279 imo
802 3221 840 3279 de
854 3230 976 3297 pectore
989 3221 1114 3292 ducens,

356 3311 429 3371 Heu
444 3316 451 3369 l
473 3314 553 3391 suge,
569 3322 638 3371 nate
653 3312 721 3385 dea,
736 3323 827 3391 teque
842 3314 899 3385 his,
915 3315 967 3385 ait,
982 3315 1065 3391 eripe
1079 3312 1214 3374 flammis.

356 3404 464 3465 Hostis
478 3408 567 3466 habet
582 3426 682 3466 muros
699 3426 706 3476 3
730 3408 789 3466 ruit
803 3408 864 3467 alto
878 3428 897 3467 a
910 3410 1038 3467 eulmine
1051 3408 1153 3485 'l'roja
1282 3410 1342 3468 29⁰

358 3500 409 3557 Sat
424 3501 526 3577 patrie
539 3501 719 3577 Priamoque
733 3502 842 3563 datum.
884 3504 917 3561 Si
931 3500 1081 3581 Pergama
1093 3500 1201 3563 dextra

356 3592 486 3653 Defendi
506 3603 637 3672 possent,
655 3596 746 3653 etiam
758 3595 817 3654 hdc
831 3596 955 3655 defensa
968 3597 1103 3656 fuissem.

357 3688 450 3747 Sacra
464 3708 594 3765 suosque
607 3689 661 3747 tihi
676 3689 863 3747 commendat
875 3690 968 3765 Troja
981 3689 1110 3749 Penates
1125 3709 1134 3747 τ

356 3778 424 3840 Hos
439 3801 513 3859 cape
527 3782 655 3841 latorum
670 3782 793 3841 comites
809 3802 817 3852 3
841 3782 887 3841 his
906 3784 1017 3842 mesaia
1031 3802 1143 3861 quere,

356 3868 476 3952 Magna
490 3866 643 3953 pererrato
657 3884 771 3935 statues
786 3896 853 3952 quar
868 3876 996 3953 denique
1010 3865 1113 3954 ponta‘
1282 3878 1341 3936 006

307 4018 309 4039 ,
357 3966 406 4025 Sic
421 3968 461 4025 ait
475 3987 483 4037 ;
506 3976 535 4026 et
549 3970 686 4033 manibus
700 3971 799 4041 vittas,
815 3970 1001 4047 Vestamque
1014 3978 1174 4047 potentem,

304 4086 344 4153 ς
354 4060 576 4138 AEternumque
592 4064 688 4139 adytis
702 4064 787 4123 ell'ert
802 4065 1004 4142 penetralibus
1017 4065 1126 4142 ignem.

394 4151 523 4212 Diverso
537 4155 652 4213 interea
665 4153 829 4216 miscentur
840 4158 951 4217 moenia
965 4157 1046 4215 lucta
1063 4176 1071 4225 ;

355 4244 396 4307 Et
410 4246 507 4325 magis
522 4256 611 4324 atque
625 4248 729 4326 magis,
747 4270 917 4329 quanquam
931 4260 1050 4309 secreta
1064 4252 1196 4329 parentis

353 4340 495 4402 Anchisae
509 4341 623 4415 domas,
641 4343 856 4423 arboribusque
869 4348 990 4405 obtecta
1002 4348 1138 4420 recessit,
1282 4348 1341 4407 ³00
