3167 5234
545 546 722 594 AENEIDOS
740 547 810 596 ΗΒ.
824 548 870 595 tv.

229 686 290 748 coi
304 704 337 744 se
351 684 478 763 pulchra
491 683 555 743 siro
568 685 709 763 dignetur
723 685 853 765 jungere
867 684 947 745 Dido
960 703 968 755 3

229 782 319 845 Nunc
333 780 462 837 hiemem
474 778 553 837 inter
565 798 599 837 se
612 780 694 851 luxu,
712 781 803 856 quam
815 780 917 857 longa,
933 778 1044 849 lovere,

229 874 406 952 Regnorum
425 872 623 943 immemores,
638 874 778 950 turpique
792 872 931 951 cupidine
944 877 1058 949 captos.

229 966 310 1025 Haec
323 966 434 1044 passim
448 966 510 1037 des
520 966 601 1026 foeda
614 964 710 1025 viriam
722 965 858 1025 diffundit
872 966 901 1024 in
916 985 978 1023 ora.
1162 963 1218 1022 195

229 1058 380 1118 Protenus
396 1058 433 1117 ad
447 1078 552 1137 regem
565 1078 673 1117 cursus
686 1059 843 1136 detorquet
858 1059 979 1129 Iarban,

194 1175 198 1192 ·
231 1149 429 1229 Incenditque
444 1151 574 1211 animum
588 1152 685 1225 dictis,
701 1161 792 1230 atque
808 1161 934 1231 aggerat
950 1152 1019 1210 iras.

192 1229 234 1272 ι’
270 1244 334 1303 Hic
347 1244 517 1304 Hammone
531 1256 625 1317 satus,
641 1245 729 1325 rapta
741 1245 957 1305 Garamantide
971 1242 1111 1324 nymphi,

152 1409 159 1417 ²
199 1326 359 1415 “Templa
369 1338 440 1397 Jovi
458 1347 579 1397 centum
595 1340 663 1398 latis
676 1339 816 1399 immania
830 1338 942 1419 regnis,

108 1425 114 1446 “
233 1429 364 1489 Centum
378 1450 448 1489 aras
463 1432 559 1508 posuit
572 1450 581 1502 ;
604 1432 785 1511 vigilemque
800 1440 972 1491 sacraverat
986 1431 1097 1511 ignem,
1161 1432 1220 1491 200

232 1522 385 1582 Excubiae
398 1521 499 1584 divum
512 1531 652 1597 aeternas,
668 1525 876 1603 pecudumque
895 1543 1002 1583 cruore

145 1680 151 1689 ,
232 1616 350 1695 Pingue
363 1618 470 1691 solum,
487 1626 516 1676 et
530 1617 621 1675 variis
634 1617 771 1676 florentia
784 1617 887 1677 limina
901 1617 998 1676 sertis.

233 1709 325 1787 leque
339 1728 442 1769 amens
456 1710 556 1783 animi,
571 1724 602 1769 et
615 1729 733 1770 rumore
747 1730 895 1769 accensus
910 1728 1022 1782 amaro,

233 1802 354 1863 Dicitur
367 1813 436 1862 ante
450 1824 531 1876 aras,
545 1804 644 1863 media
656 1805 734 1863 inter
747 1805 870 1864 numina
883 1800 994 1877 divum,

232 1896 331 1957 Multa
343 1899 452 1958 Jorem
464 1900 600 1959 manibus
613 1900 738 1977 supplex
751 1900 855 1959 ordsse
870 1897 1003 1977 supinis:
1162 1898 1221 1955 205
1316 1972 1321 1983 Ι

233 1991 352 2070 Jupiter
364 1994 559 2071 omnipotens,
575 1994 626 2053 cui
638 2014 718 2053 nuno
731 1993 889 2052 Maurusia
903 1991 990 2071 pictis

234 2083 317 2144 Gens
332 2086 455 2164 epulata
467 2088 541 2146 toris
553 2086 699 2147 Lenaeum
712 2088 786 2147 libat
799 2088 952 2159 honorem,

235 2177 374 2256 Adspicis
387 2180 453 2239 hec
467 2180 478 2237 ?
498 2199 538 2238 an
551 2189 592 2252 te,
608 2183 737 2259 genitor,
754 2200 844 2258 quum
858 2179 982 2238 fulmina
995 2186 1129 2255 torques,

234 2271 446 2349 Nequidquam
459 2274 615 2332 horremus
629 2274 639 2330 i
661 2274 796 2350 caecique
810 2274 840 2331 in
854 2273 983 2331 nubibus
997 2270 1083 2350 ignes

235 2363 416 2425 Terrificant
430 2366 554 2439 animos,
570 2375 601 2425 et
614 2367 714 2425 inania
727 2384 880 2425 murmura
893 2365 1018 2423 miscent
1034 2362 1045 2419 l
1164 2362 1224 2419 210

234 2458 383 2532 Foramina,
400 2480 478 2536 qum,
494 2461 603 2519 nostris
616 2479 722 2519 errans
736 2459 766 2517 in
784 2458 904 2528 finibus,
920 2458 1025 2515 urbem

234 2551 386 2631 Exiguam
400 2554 494 2631 pretio
507 2554 615 2631 posuit,
632 2553 682 2611 eui
695 2554 777 2612 littus
790 2549 946 2622 arandum,

146 2712 154 2727 .
237 2643 357 2722 Cuique
370 2646 429 2705 loci
441 2647 526 2725 leges
539 2646 685 2717 dedimus,
701 2644 852 2703 connubia
864 2651 967 2701 nostra

236 2737 370 2816 Repulit,
386 2759 424 2799 ac
436 2740 586 2799 dominum
597 2740 724 2799 AEnean
737 2738 767 2797 iu
780 2756 876 2815 regua
890 2735 1013 2815 recepit.

236 2830 276 2891 Et
288 2852 371 2891 nunc
383 2834 433 2891 ille
446 2833 544 2905 Paris,
559 2852 627 2892 cum
640 2831 780 2891 semiviro
793 2830 945 2901 comitatu,
1164 2828 1223 2887 2Ιό

236 2924 371 2986 Maeonii
381 2935 513 2986 mentum
530 2924 619 2985 mitri
632 2927 805 3003 crinemque
820 2923 988 2982 madentem

239 3019 398 3093 Subuixus,
414 3028 499 3099 rapto
513 3021 642 3098 potitur:
664 3039 720 3077 nos
733 3037 859 3077 munera
871 3016 988 3093 templis

200 3156 218 3214 L
238 3116 357 3194 Quippe
370 3116 431 3175 tuis
444 3116 576 3187 serimus,
592 3115 761 3191 samumque
774 3113 908 3171 fovemus
923 3112 1051 3170 inanem.

277 3208 405 3267 Talibus
420 3217 553 3269 orantem
567 3208 665 3281 dictis,
680 3225 810 3283 arasque
823 3213 986 3277 tenentem,

238 3304 340 3365 Audiit
353 3304 560 3381 Omnipotens,
574 3302 738 3378 oculosque
753 3299 791 3358 ad
811 3298 921 3357 moenie
935 3296 1020 3356 torsit
1165 3296 1225 3353 220

237 3399 350 3477 Regia,
366 3406 397 3457 et
409 3398 517 3456 oblitos
530 3396 617 3453 samm
631 3393 762 3453 melioris
776 3400 921 3451 amantes.

238 3492 317 3551 Tum
331 3492 376 3550 sic
388 3491 574 3549 Mercurium
588 3486 758 3564 alloquitur,
774 3504 812 3543 ac
826 3484 899 3542 talia
912 3483 1032 3542 mandat
1048 3502 1055 3541 :

238 3586 325 3647 Vade
339 3604 408 3662 ege,
424 3593 503 3655 nate,
519 3601 595 3641 voca
609 3580 776 3658 Zephyros,
791 3587 821 3637 et
835 3577 937 3637 labere
952 3576 1057 3656 peuuis
1072 3595 1081 3646 ;

238 3679 485 3754 Dardaniumque
500 3675 616 3747 ducem,
630 3671 727 3751 Tyria
741 3670 927 3749 Carthagine
944 3670 995 3747 qui
1007 3688 1087 3727 nuno

238 3774 415 3850 Exspectat,
432 3769 558 3846 satisque
573 3768 659 3827 datas
672 3787 731 3825 non
745 3764 866 3843 respicit
886 3764 986 3835 urbes,
1014 3788 1019 3794 ·
1166 3762 1226 3819 225

239 3867 416 3943 Alloquere,
431 3872 461 3921 et
475 3863 591 3921 celeres
605 3860 689 3919 deser
703 3878 771 3918 mea
785 3857 865 3915 dicta
879 3875 932 3933 per
947 3872 1046 3914 auras.

240 3960 268 4019 N
272 3979 309 4017 on
323 3958 405 4017 illum
418 3956 505 4017 uobis
517 3955 655 4035 genetrix
670 3950 870 4031 pulcherrima
884 3948 973 4006 talem

239 4052 390 4122 Promisit,
405 4046 591 4125 Graiumque
605 4048 672 4107 ideo
687 4046 733 4103 bis
746 4044 877 4102 vindieat
891 4041 982 4101 ermis
998 4060 1006 4111 ;

241 4145 300 4207 Sed
314 4146 389 4216 sore,
407 4144 458 4221 qui
470 4142 626 4222 gravidam
639 4138 770 4217 imperiis
783 4136 922 4212 belloque
937 4135 1112 4195 frementem

239 4238 360 4301 Italiam
372 4246 504 4316 regeret,
520 4254 617 4315 genus
630 4234 691 4291 alto
705 4251 724 4289 a
737 4230 884 4309 sanguine
899 4228 1012 4287 Teucri
1165 4229 1226 4287 200

238 4332 396 4404 Proderet,
413 4351 450 4390 ac
463 4339 558 4391 totum
570 4330 626 4387 sub
640 4327 724 4405 leges
737 4325 866 4385 mitteret
880 4325 990 4383 orbem.

851 4436 870 4477 *r
