3167 5234
374 553 435 610 330
667 545 694 594 Ρ.
714 545 882 594 vinclum
901 547 1073 596 HABOMS

323 706 329 716 ·
376 685 567 766 Transedigit
582 695 682 746 costus
696 695 726 744 et
740 695 839 745 cretes
853 689 983 765 pectoris
997 707 1109 747 ensem.

374 781 496 840 Turnus
511 801 589 858 equo
603 781 752 856 dejectum
767 785 923 857 Amycum,
939 780 1123 858 fratremque
1135 779 1263 852 Dioren,

376 874 568 953 congressus
582 875 673 953 pedes
689 892 696 944 3
720 875 801 933 hunc
813 875 983 934 venientem
996 873 1120 951 cuspide
1133 873 1233 952 longi,
1305 874 1366 932 610

374 969 468 1028 Hunc
483 989 624 1029 mucrone
638 969 706 1028 ferit
722 987 730 1038 3
754 987 904 1044 curruque
919 969 1039 1026 absciso
1053 968 1178 1026 duorum

375 1064 535 1140 Suspendit
549 1063 656 1141 capite,
674 1074 702 1121 ct
717 1063 850 1121 rorentis
862 1062 1010 1140 sanguine
1024 1070 1131 1140 portet.

376 1155 431 1216 llle
446 1158 555 1229 Telon,
572 1156 761 1242 Tanaim-que
775 1157 855 1228 neci,
871 1156 1038 1232 sortemque
1052 1155 1235 1233 Cethegum,
1337 1160 1343 1170 “

373 1251 453 1310 Tres
469 1270 526 1309 uno
542 1271 719 1329 congressu,
736 1259 766 1308 et
779 1262 918 1309 moestum
932 1250 1019 1307 mittit
1032 1249 1164 1325 Onyton,

374 1344 493 1404 Nomen
506 1345 695 1417 Echionium,
711 1345 875 1420 matrisque
888 1362 985 1421 genus
998 1342 1137 1402 Peridire.
1304 1345 1365 1404 616
1476 1375 1481 1383 -

374 1437 437 1498 Hic
452 1438 559 1496 sretrss
572 1436 671 1516 Lycid
684 1439 790 1496 missos
804 1445 834 1495 et
848 1436 994 1514 Apollinis
1007 1435 1099 1514 egris,

374 1531 414 1591 Et
431 1531 573 1608 juvenem
587 1551 710 1590 exosum
725 1532 927 1608 nequidquam
940 1530 1019 1588 bellu
1032 1529 1189 1590 Menoeten

373 1626 515 1695 Arcade3
540 1627 665 1704 piscosos
680 1625 730 1683 cui
744 1626 858 1683 circum
871 1623 993 1684 flumine
1006 1624 1117 1682 Lornre

374 1721 434 1779 Ars
449 1719 556 1790 suerat,
574 1738 747 1796 pauperque
761 1719 866 1776 domus
881 1738 897 1788 3.
912 1737 970 1776 nec
983 1727 1054 1776 note
1069 1717 1221 1797 potentum

373 1813 492 1874 Limine
508 1831 515 1882 3
540 1811 749 1889 conductdque
765 1822 849 1889 peter
862 1813 970 1870 tellure
983 1815 1114 1871 serebat.
1304 1813 1365 1870 620

373 1909 421 1967 Ac
436 1909 515 1966 velut
529 1907 652 1965 immissi
665 1906 791 1964 dirersis
806 1905 939 1983 portibus
953 1906 1039 1983 ignes

373 2004 517 2060 Arentem
532 2000 561 2059 in
575 2000 681 2058 silvanr
694 2008 724 2057 et
738 2000 868 2078 virgulta
880 2001 1019 2057 sonantis
1033 2000 1119 2058 lauro
1136 2018 1145 2068 3

375 2095 436 2154 Aut
450 2095 501 2152 ubi
515 2093 645 2152 decursu
659 2093 761 2170 rspido
775 2093 977 2151 dementibus
991 2093 1058 2152 altis

373 2188 456 2247 Dent
471 2188 597 2246 sonitum
612 2187 743 2264 spumosi
757 2205 870 2257 smnes,
885 2196 915 2245 et
928 2187 958 2245 in
972 2205 1095 2263 equore
1108 2197 1244 2260 currunt,

375 2281 511 2359 Quisque
526 2301 613 2342 suurn
627 2282 783 2360 populatus
802 2282 878 2339 iter:
900 2301 960 2339 non
974 2281 1097 2358 segnius
1110 2283 1198 2340 umbo
1303 2284 1364 2342 525

374 2375 489 2436 AEnees
505 2374 686 2453 Turnusque
701 2383 790 2434 ruunt
804 2394 857 2452 per
871 2375 998 2452 proelia:
1021 2393 1112 2446 nunc,
1129 2395 1209 2434 nunc

373 2469 514 2530 Fluctust
530 2471 575 2527 ire
589 2471 668 2528 intus
682 2488 689 2540 3
714 2477 890 2546 rumpuntur
902 2468 1006 2526 nescis
1021 2469 1101 2525 vinci

373 2565 503 2633 Pectore
519 2585 526 2635 3
550 2586 630 2624 nunc
644 2567 713 2624 tetis
728 2566 757 2624 in
771 2565 896 2622 vulnere
910 2565 1023 2622 viribus
1035 2564 1104 2622 itur.

372 2657 550 2717 Murranum
563 2657 623 2730 hic,
641 2667 744 2716 atavos
758 2666 788 2715 et
802 2677 924 2715 urorum
938 2657 1061 2733 entique
1076 2664 1231 2714 sonantem

373 2751 514 2822 Nomine,
531 2770 584 2828 per
598 2770 746 2828 regesque
761 2760 860 2810 ectum
875 2770 971 2830 genus
984 2769 1070 2809 omne
1084 2748 1221 2822 Latinos,
1304 2751 1364 2810 660

373 2844 561 2921 Praecipitem
576 2846 698 2921 scopulo
713 2855 804 2921 atque
818 2845 947 2923 ingentis
959 2843 1076 2902 turbine
1090 2843 1156 2901 sexi

372 2936 506 3008 Excutit,
523 2937 705 3012 effunditque
720 2938 784 2996 solo
803 2956 810 2994 :
834 2939 912 2995 huno
927 2939 990 2996 lore
1003 2945 1033 2994 et
1049 2937 1126 3013 jugo
1139 2937 1244 2996 subter
1363 2993 1369 3007 ,

372 3027 554 3089 ΡιοιοΙνὸιο
569 3038 652 3101 rotae,
670 3033 776 3088 crebro
791 3030 883 3108 supdr
896 3030 1009 3108 ungule
1022 3030 1110 3106 pulsu

373 3122 471 3182 Incite
485 3143 541 3180 nec
555 3123 664 3180 dornini
678 3143 840 3182 memorum
854 3124 1007 3201 proculcat
1022 3141 1179 3198 equorum.

373 3215 428 3276 ttls
443 3217 541 3275 ruenti
555 3216 658 3293 Hyllo,
676 3217 841 3292 animisque
854 3215 983 3275 immane
999 3217 1145 3287 frementi,
1299 3218 1361 3275 666

371 3311 522 3382 Occurrit,
539 3310 689 3386 telumque
704 3320 812 3368 euruts
825 3310 862 3368 ed
876 3319 1012 3388 ternpore
1024 3317 1143 3386 torquet
1159 3328 1167 3366 ι

372 3405 431 3464 Olli
446 3423 500 3483 per
513 3405 630 3482 galeam
644 3403 703 3462 lire
717 3405 797 3462 stetit
811 3405 898 3462 hoste
912 3407 1048 3462 cerebro.

371 3497 507 3556 Dextera
520 3517 576 3556 nec
590 3506 642 3556 tue
655 3505 696 3568 te,
712 3496 839 3556 Grsidrn
853 3497 1022 3568 fortissime,
1038 3496 1165 3569 Creten,

371 3589 489 3669 Eripuit
503 3591 616 3650 Turno.
659 3591 726 3650 Nec
740 3591 770 3649 di
784 3589 888 3649 tendi-e
903 3591 1093 3669 Cupencum,

370 3683 477 3745 AEncd
490 3685 637 3757 veniente,
654 3686 701 3744 sni
715 3704 723 3742 ι
745 3685 825 3742 dedit
839 3685 928 3743 obvie
942 3686 1022 3743 forro
1303 3684 1361 3742 oto

370 3777 501 3836 Pectore
515 3797 522 3848 3
546 3797 603 3837 nec
617 3779 725 3838 misero
740 3780 838 3856 clypei
851 3797 935 3837 moro
949 3779 1058 3854 profuit
1077 3777 1160 3838 aerei.

370 3869 416 3928 Te
432 3891 556 3947 quoquc.
563 3871 732 3931 Laurentes
747 3872 893 3944 viderunt,
911 3871 1010 3943 AEole,
1027 3871 1126 3949 compi

369 3963 531 4041 Oppetere,
548 3975 576 4023 et
591 3965 649 4024 istd
663 3974 773 4024 terrem
787 3975 981 4024 consternere
996 3975 1083 4044 tergo
1098 3984 1106 4022 ι

370 4055 502 4128 Occidis,
518 4059 641 4136 Argives
657 4079 744 4135 quern
758 4079 818 4117 non
831 4057 956 4137 potudre
970 4059 1135 4137 phalanges

371 4148 521 4222 Sternere,
537 4169 594 4208 nec
608 4151 719 4210 Priumi
733 4172 894 4231 regnorum
907 4172 1031 4211 eversor
1044 4151 1180 4210 Achilles
1194 4168 1204 4221 3
1299 4148 1358 4208 646

370 4240 433 4301 Hic
447 4243 500 4300 tibi
513 4245 615 4302 mortis
628 4254 713 4304 erent
728 4259 814 4304 metm
829 4265 836 4304 :
859 4248 964 4306 domus
978 4247 1038 4305 ulte
1052 4246 1108 4304 sub
1123 4244 1190 4317 Idd,

369 4333 512 4414 Lyrnessi
527 4337 630 4397 domus
645 4339 706 4397 olto
722 4358 729 4408 3
753 4341 818 4398 solo
831 4341 984 4400 Laurente
998 4339 1182 4418 sepulcrum.
