3167 5234
530 546 704 595 ursinos
723 547 792 594 ma.
809 547 886 595 vin.
1144 552 1203 611 24⁸1

223 688 308 747 Stant
320 686 436 767 pavidas
449 686 480 745 in
494 686 586 745 muris
598 694 720 757 matres,
735 686 889 761 oculisque
903 691 1069 762 sequuntur

221 779 400 839 Pulveream
414 783 534 851 nubem,
549 788 579 837 ct
592 779 740 857 fulgentes
753 798 814 836 rere
828 787 975 837 catervas.
1126 776 1130 784 ’

222 873 283 933 Olli
297 894 351 951 per
363 874 477 944 dumos,
493 870 554 949 qud
567 872 700 948 proxima
712 880 792 929 meta
805 872 930 943 viarum,

221 966 339 1025 Armati
351 965 475 1025 tendunt
490 985 497 1021 :
520 965 542 1023 it
555 966 678 1035 clamor,
694 973 735 1036 et,
751 965 870 1042 agmine
885 964 975 1035 facto,
1145 964 1203 1021 595

223 1058 479 1136 Quadrupednnte
494 1066 609 1135 putrem
622 1058 720 1115 sonitu
735 1058 828 1133 quatit
842 1058 955 1134 ungula
968 1074 1113 1135 campum.

221 1152 280 1213 Est
294 1155 401 1233 ingens
414 1153 546 1232 gelidum
558 1154 645 1211 lucus
658 1171 750 1230 prope
765 1152 886 1211 Caeritis
900 1170 1027 1223 ornnem,

221 1247 382 1325 Religione
396 1255 511 1324 patrum
524 1246 584 1305 late
599 1265 687 1305 sacer
702 1266 709 1303 :
732 1246 863 1322 undique
877 1245 970 1303 colles

223 1339 380 1401 lactastis
393 1341 471 1410 cavi,
487 1348 517 1398 et
530 1339 618 1417 nigrai
631 1358 736 1399 neurus
751 1339 848 1396 abiete
863 1339 995 1415 cingunt.

224 1433 345 1491 Silvano
358 1432 436 1491 sama
449 1441 495 1491 est
507 1441 625 1491 veteres
638 1431 777 1494 sacrdsse
790 1432 948 1509 Pelasgos,
1147 1430 1206 1489 600

222 1528 371 1585 Arvorum
385 1527 561 1603 pecorisque
576 1526 643 1594 deo,
659 1527 819 1603 lucumque
834 1526 983 1602 diemque,

223 1617 287 1685 Qui
300 1620 387 1696 primi
397 1619 472 1678 fines
485 1619 645 1695 aliquando
659 1616 791 1678 habuere
804 1618 939 1677 Latinos.

223 1710 316 1770 Haud
330 1713 433 1790 procul
447 1712 516 1770 bine
529 1712 650 1770 Tarcho
664 1719 694 1770 et
708 1712 857 1788 Tyrrheni
871 1718 936 1769 tuta
949 1712 1090 1771 tenebant

225 1804 336 1864 Castra
349 1806 422 1864 locis
435 1825 444 1875 ;
468 1806 611 1881 celsoque
625 1804 720 1864 omnis
732 1806 770 1863 de
784 1805 861 1863 colle
876 1804 970 1863 videri

221 1896 292 1955 Jarn
306 1907 420 1975 poterat
434 1899 524 1976 legio,
540 1908 571 1956 et
584 1898 651 1957 latis
665 1898 807 1956 tendebat
821 1898 851 1955 in
866 1896 954 1957 arvis.
1147 1896 1206 1955 605

222 1989 296 2049 Huc
311 2000 396 2069 pater
409 1990 526 2050 AEueas
538 2000 568 2049 et
582 1993 660 2050 bello
674 1992 754 2049 lecta
762 1992 905 2066 juventus
986 2000 988 2006 '

223 2084 413 2155 Succedunt,
421 2085 552 2161 fessique
566 2094 595 2143 et
609 2104 704 2161 equos
717 2098 747 2143 et
760 2104 888 2161 corpora
902 2093 1017 2145 curant.

260 2178 302 2236 At
314 2177 420 2235 Venus
434 2178 571 2237 aetherios
585 2179 662 2237 inter
675 2178 733 2235 dea
745 2178 872 2236 candida
885 2179 1000 2237 nimbos

222 2269 314 2330 Dona
326 2271 426 2329 serens
439 2272 564 2330 aderat:
587 2280 749 2348 natumque
763 2272 793 2329 in
808 2272 885 2329 valle
899 2269 1026 2331 reducti

222 2362 262 2422 Ut
277 2366 381 2442 procul
395 2364 512 2443 egelido
526 2374 675 2423 secretum
692 2365 812 2423 flumine
827 2364 909 2435 vidit,

222 2457 350 2516 Talibus
363 2458 455 2515 affata
468 2466 514 2516 est
527 2458 623 2529 dictis,
640 2476 733 2535 seque
746 2458 851 2515 obtulit
866 2458 943 2515 ultro
957 2474 965 2513 ε

222 2550 283 2621 En,
300 2551 435 2629 perlecta
446 2552 505 2610 mei
518 2549 665 2628 promised
677 2550 815 2628 conjugis
829 2558 892 2607 arte

221 2644 371 2703 Munera:
393 2664 432 2703 ne
446 2664 513 2703 mox
527 2653 578 2703 aut
592 2644 771 2714 Laurentes,
787 2652 867 2713 nete,
884 2643 1040 2718 superbos,

223 2740 285 2799 Aut
300 2758 401 2798 acrem
414 2740 532 2798 dubites
545 2740 576 2797 in
589 2740 696 2816 proelia
709 2758 834 2817 poscere
849 2738 993 2797 Turnum.

222 2834 317 2906 Dixit,
333 2844 363 2893 et
378 2835 531 2913 amplexus
544 2836 605 2893 uati
620 2834 774 2911 Cytherea
788 2834 911 2911 petivit:

223 2928 316 2985 Arma
329 2930 385 2985 sub
400 2927 528 2985 adrersfi
541 2927 637 3004 posuit
651 2926 799 2985 radiantia
813 2946 936 3003 quercu.

224 3020 290 3091 lue,
305 3020 370 3079 dere
384 3020 469 3078 donis
482 3029 512 3079 et
524 3028 608 3078 tanto
622 3021 709 3079 laetus
729 3021 852 3093 bonore,

223 3112 348 3190 Expleri
361 3114 475 3189 nequit,
492 3122 582 3189 atque
596 3113 700 3171 oculos
713 3132 767 3190 per
780 3115 899 3193 singula
913 3114 1014 3186 volvit,

224 3205 423 3281 Miraturque,
439 3206 576 3282 interque
590 3226 696 3265 manus
709 3216 740 3264 et
752 3207 877 3265 brachia
892 3216 991 3266 versat

224 3298 405 3357 Terribilem
418 3299 518 3357 cristis
531 3300 650 3377 galeam
664 3299 859 3377 flammasque
874 3309 1049 3372 vomentem,

224 3392 450 3469 Patiferumque
463 3412 576 3464 ensem,
592 3394 716 3452 loricam
729 3413 768 3451 ex
781 3414 842 3453 aere
857 3394 1013 3471 rigentem,

225 3486 439 3562 Sanguineam,
456 3486 616 3563 ingentem,
633 3486 729 3562 qualis
743 3504 833 3563 quum
847 3485 960 3569 caerula
973 3488 1069 3545 nubes

226 3578 305 3635 Solis
317 3577 477 3637 inardescit
491 3579 583 3636 radiis
596 3579 747 3657 longeque
761 3580 892 3657 refulget
909 3598 916 3651 ;

226 3668 304 3727 Tum
318 3670 400 3727 leves
414 3690 522 3729 ocreas
535 3672 647 3730 electro
662 3692 795 3748 auroque
811 3654 945 3744 recocto,

226 3760 426 3840 Hastamque,
443 3772 474 3821 et
487 3765 586 3842 clypei
599 3785 658 3823 non
673 3766 843 3823 enarrabile
857 3773 978 3823 textum.

227 3855 293 3915 Illic
307 3877 357 3915 ree
372 3856 476 3929 Italas,
491 3859 754 3933 Romanorumque
768 3858 943 3935 triumphos,

211 3948 320 4008 'Haud
335 3959 436 4008 vatum
448 3952 582 4029 ignarus,
598 3952 775 4026 venturique
790 3951 902 4008 inscius
917 3950 983 4021 mvi,

225 4041 356 4101 Fecerat
369 4044 537 4122 ignipotens
550 4064 557 4114 ;
581 4046 642 4103 illio
655 4062 752 4121 genus
765 4062 852 4101 omne
868 4044 974 4101 future
994 4028 999 4035 ⁵

227 4135 333 4212 Stirpis
347 4138 385 4193 ab
399 4138 542 4209 Ascanio,
558 4145 750 4215 pugnataque
764 4137 794 4194 in
809 4136 912 4193 ordine
927 4136 1014 4196 bella.

226 4226 357 4287 Fecerat
370 4238 401 4287 et
412 4230 498 4289 viridi
511 4231 614 4290 soetam
626 4231 773 4288 Mavortis
787 4230 817 4288 in
831 4240 916 4287 antro

226 4318 428 4382 Procubuisse
442 4324 543 4403 lupam
555 4344 564 4396 ;
587 4325 721 4403 geminos
735 4324 804 4383 huic
821 4325 913 4383 ubera
927 4324 1039 4383 circum
