3167 5234
539 523 764 613 ononercon
787 563 858 612 nin.
871 563 892 610 1.
935 529 945 538 ’

228 707 334 786 Teque
348 705 406 765 sibi
418 723 564 785 generum
575 704 691 782 Tethys
705 711 784 762 emat
798 702 935 762 omnibns
947 698 1034 760 und'u
1049 719 1058 758 z

227 803 314 862 Anne
328 818 438 860 novum
450 798 543 858 tardis
557 797 638 857 sidus
651 806 681 856 te
695 797 848 856 mensibus
860 795 966 868 addas,

229 893 300 964 Qua
312 895 398 953 loeus
410 891 567 971 Erigonen
580 891 657 952 inter
671 891 847 968 Chelasque
860 897 1022 967 mquemes

227 988 373 1048 Panditur
386 1005 395 1059 ;
417 986 482 1065 ipse
495 985 549 1044 tibi
562 985 626 1062 jam
638 986 763 1044 brenbie
778 984 926 1044 oontrnbit
940 983 1050 1042 ardens

226 1081 381 1160 Scorpius,
397 1088 427 1139 et
442 1080 512 1139 oceli
527 1078 611 1156 justet
623 1080 691 1158 plus
705 1087 788 1157 parta
802 1076 943 1155 relinquit
958 1095 966 1136 τ

228 1172 382 1251 Quidquid
395 1173 467 1244 eris,
484 1172 569 1252 (uam
580 1180 611 1232 te
625 1191 682 1232 neo
696 1179 818 1250 sperent
830 1169 960 1231 Tartara
972 1186 1086 1249 regem.

228 1266 295 1327 Nec
308 1267 363 1326 tibi
375 1266 522 1345 regnandi
535 1267 635 1326 veniet
649 1274 711 1324 tam
724 1265 790 1324 dira
803 1265 912 1343 cupido
927 1285 936 1335 3

228 1359 375 1427 Quamvis
388 1359 510 1438 Elysios
523 1361 647 1419 miretur
660 1359 783 1420 Grecis
796 1377 929 1436 campos,

227 1453 257 1512 N
259 1471 296 1512 oe
310 1453 438 1530 repetita
451 1453 537 1530 sequi
551 1462 636 1514 curet
649 1453 832 1530 Proserpina
844 1451 996 1529 matrem),

228 1545 279 1606 Da
293 1545 412 1605 faoilem
425 1565 555 1619 cursum,
573 1555 662 1624 atque
677 1545 844 1606 audaeibus
856 1559 956 1603 annue
970 1543 1077 1622 ommis
1090 1563 1101 1615 3

230 1638 417 1717 lgnarosque
431 1639 486 1698 viee
500 1659 618 1698 mecum
628 1639 787 1698 miseratus
800 1645 948 1716 agrestes,

231 1731 404 1812 Ingredere,
421 1740 451 1791 et
465 1732 540 1794 votis
556 1733 620 1810 jam
633 1751 713 1792 nuno
727 1749 870 1791 asuesoe
884 1729 996 1790 vocari.

266 1829 350 1889 Vere
365 1848 454 1902 novo,
470 1831 588 1910 gelidus
601 1831 685 1890 esuis
700 1849 790 1908 quum
803 1829 952 1888 montibus
964 1829 1070 1890 humor

229 1923 378 2001 Liquitur,
395 1933 424 1982 et
445 1925 585 2002 Zephyro
599 1926 692 2003 putris
707 1942 740 1983 se
753 1925 845 2002 gleba
856 1922 989 1995 resolvit,

229 2015 383 2095 Depresso
396 2015 517 2094 hoipint
533 2017 672 2094 jamtum
686 2017 757 2076 mibi
769 2025 877 2076 taurus
889 2023 991 2074 aratro

231 2109 399 2190 ingemere,
415 2119 445 2170 et
463 2111 547 2170 euloo
561 2110 678 2170 attritus
692 2110 904 2190 splendeseera
917 2124 1028 2169 vomer.

231 2203 287 2262 Illa
300 2223 390 2282 seges
403 2202 521 2262 demum
533 2204 609 2264 votis
622 2204 781 2283 respondet
796 2204 879 2262 avari

231 2297 391 2375 Agricolae,
407 2296 453 2356 bis
467 2317 534 2374 quse
548 2297 651 2370 solem,
668 2297 714 2356 bis
728 2297 841 2376 frigore
855 2296 948 2356 sensit
961 2316 970 2366 3

232 2387 314 2448 lllius
327 2389 478 2448 immensae
492 2399 636 2468 ruperunt
652 2391 761 2450 horrea
773 2409 897 2450 messes.

268 2482 310 2541 At
328 2483 409 2560 prius
422 2482 557 2561 ignotum
570 2484 649 2542 ferro
664 2484 754 2561 qudm
767 2483 929 2542 scindimus
942 2501 1055 2560 aequor,

231 2574 346 2634 Ventos
359 2583 388 2634 et
402 2576 517 2634 varium
530 2576 601 2634 ooeli
620 2567 800 2654 praedisoere
814 2594 928 2634 morem

232 2667 316 2730 Cura
330 2669 377 2740 sit,
393 2687 431 2727 ao
444 2669 556 2746 patrios
570 2670 727 2746 cultusque
741 2669 919 2746 habitusque
933 2669 1077 2742 locorum,

231 2761 271 2820 Et
286 2761 354 2839 quid
369 2779 495 2838 quaeque
509 2761 586 2820 ferat
598 2762 694 2841 regio,
711 2770 740 2820 et
755 2761 826 2838 quid
840 2781 967 2840 qunque
980 2771 1110 2824 mosset.

230 2853 294 2914 llio
307 2862 439 2934 segetes,
454 2854 515 2914 illie
529 2853 649 2914 veniunt
663 2853 780 2914 selicibs
794 2873 860 2914 urae
875 2874 885 2924 3

230 2947 358 3008 Arborei
371 2947 460 3008 status
473 2947 554 3020 alibi,
570 2955 660 3024 etque
674 2946 788 3024 injussa
800 2947 952 3007 virescunt

231 3039 384 3100 Gramina.
425 3040 532 3100 Nonne
547 3039 641 3112 vides,
654 3059 779 3100 croceos
792 3049 825 3101 ut
838 3041 962 3100 Tmolus
975 3039 1093 3114 odores,

231 3133 317 3194 India
329 3135 415 3193 mittit
429 3135 513 3205 ebur,
529 3133 634 3192 molles
647 3152 703 3192 sua
714 3135 804 3198 thura
817 3134 918 3194 Sabaei
929 3153 938 3205 3

133 3296 134 3299 Ἴ
229 3229 271 3286 At
284 3227 440 3304 Chalybes
452 3223 524 3285 nudi
536 3227 659 3299 ferrum,
675 3227 833 3304 virosaque
846 3227 961 3287 Pontus

231 3318 390 3390 Castorea,
402 3317 544 3378 Eliadum
557 3320 672 3398 palmas
685 3319 798 3398 Epirus
811 3339 957 3398 equarum
971 3320 982 3377 ?

230 3411 381 3474 Continuis
395 3413 451 3472 has
464 3411 548 3491 leges
562 3420 734 3490 aeternaque
750 3413 864 3473 foedera
878 3415 969 3473 nertin

231 3509 374 3588 Imposuit
387 3515 495 3568 natura
507 3508 591 3581 loois,
609 3529 667 3586 quo
680 3517 813 3588 tempore
827 3511 953 3588 primum

230 3601 400 3661 Deucalion
414 3621 541 3660 vanuum
554 3602 668 3680 lapides
684 3602 810 3680 jactavit
824 3604 855 3663 in
866 3605 972 3664 orbem
986 3623 996 3675 ;

231 3693 318 3752 Unde
335 3693 468 3753 homines
481 3694 553 3768 nati,
570 3694 677 3754 durum
688 3715 795 3774 genus.
836 3697 921 3776 Ergo
935 3717 1005 3776 age,
1019 3705 1109 3758 ternu

230 3787 347 3866 Pingue
361 3788 457 3846 solum
469 3787 570 3866 primis
583 3788 730 3866 extemplo
744 3808 764 3848 a
776 3789 928 3849 mensibus
942 3789 1014 3849 anui

230 3879 340 3940 Fortes
357 3881 505 3940 invertant
517 3881 606 3953 tauri,
619 3882 786 3960 glebasque
803 3883 941 3959 jacentes

230 3969 445 4033 Pulverulenta
459 3983 567 4051 eoquat
582 3975 705 4034 maturis
719 3975 832 4034 solibus
846 3982 945 4036 estas.

231 4066 283 4139 At,
299 4065 396 4125 sinon
409 4067 497 4126 fuerit
510 4067 600 4126 tellus
612 4067 763 4141 foecunde,
779 4069 835 4127 sub
849 4067 946 4146 ipsum

231 4159 394 4218 Arcturum
405 4159 489 4219 tenui
502 4169 549 4220 snt
562 4160 618 4219 erit
632 4159 816 4240 suspendere
828 4163 915 4223 sulco
929 4181 937 4221 ε

232 4251 309 4326 lllie,
324 4252 456 4312 efficiant
469 4253 546 4312 laetis
559 4273 598 4314 ne
611 4253 747 4334 frugibus
760 4253 862 4316 herbas
878 4277 887 4328 ς

231 4343 306 4419 Hie,
322 4345 455 4406 sterilem
468 4347 594 4428 exiguus
607 4367 645 4408 ne
659 4346 779 4408 deseret
792 4349 899 4410 humor
911 4367 1047 4410 arenam.
