3167 5234
378 558 433 616 158
661 552 688 600 r.
708 552 874 599 vinctam
898 552 1070 601 masonis

375 690 498 752 Dicere.
541 690 712 768 Suscipiunt
725 690 854 766 lamule,
871 692 1064 771 collapsaque
1078 695 1213 753 membra

376 785 548 845 Marmoreo
561 784 695 843 referunt
713 785 854 858 thalamo,
870 786 1031 863 stratisque
1045 792 1201 863 reponunt.

415 880 457 938 At
471 879 537 957 pius
549 878 681 949 Elaeus,
699 898 868 956 quanquam
882 879 975 938 lenire
989 878 1139 939 dolentem

377 973 508 1032 Solundo
522 973 613 1051 cupit,
628 982 659 1030 et
673 972 760 1031 dictis
773 981 911 1031 avertere
926 990 1033 1060 curas,x

375 1066 475 1125 Multa
486 1085 621 1145 gemens,
637 1085 805 1145 magnoque
821 1066 949 1125 animum
963 1066 1127 1125 labefactus
1141 1085 1254 1140 amore,
1304 1070 1363 1127 395

273 1179 277 1186 ’
378 1160 469 1220 Jussa
484 1171 585 1219 tamen
599 1158 698 1219 divim
712 1160 894 1235 exsequitur,
911 1160 1098 1237 classemque
1112 1160 1225 1223 revisit.

284 1320 290 1328 ,
377 1253 456 1313 'llum
469 1253 542 1313 verb
555 1254 669 1312 Teucri
687 1255 871 1325 incumbunt,
888 1262 917 1311 et
931 1254 1028 1313 littore
1043 1254 1142 1313 celsas

375 1346 538 1407 Deduount
552 1357 614 1408 toto
628 1367 732 1407 neves.
773 1349 868 1407 Natat
882 1352 973 1410 uncta
986 1348 1090 1408 carina
1105 1368 1113 1418 3

375 1440 624 1520 Frondentesque
642 1441 740 1501 serunt
754 1462 853 1501 remos
867 1450 896 1501 ct
910 1443 1019 1523 roborp
1033 1442 1114 1500 silvis

377 1535 571 1608 Infabricata,
591 1536 670 1615 fugae
685 1536 791 1595 studio.
1306 1536 1365 1593 Δία)

376 1628 546 1707 Migrantes
560 1636 679 1701 cernas,
695 1628 820 1706 totique
834 1648 872 1688 ax
886 1631 960 1688 urbe
974 1638 1116 1689 ruentes:

377 1723 424 1781 Ac
438 1723 531 1781 veluti
545 1724 696 1801 ingentem
710 1723 842 1781 formicae
856 1722 945 1780 farris
959 1741 1100 1780 acervum

378 1815 481 1884 Quum
494 1818 646 1895 populant,
662 1815 768 1874 hiemis
780 1834 939 1887 memores,
954 1824 1094 1891 tectoque
1109 1822 1275 1893 reponant3

377 1908 406 1967 It
419 1910 537 1989 nigrum
550 1910 664 1987 campis
678 1928 797 1987 agmen,
815 1910 1005 1986 predamque
1019 1927 1073 1987 per
1086 1909 1197 1968 herbas

378 2002 568 2062 convectant
583 2004 660 2081 calle
674 2012 821 2081 angusto;
845 2023 914 2080 pars
928 2002 1054 2081 grandia
1066 2002 1189 2061 trudunt
1306 2002 1365 2061 405

377 2096 504 2157 Obnixae
519 2097 667 2181 irumenta
686 2097 818 2155 humeris
832 2116 839 2166 3
866 2116 935 2174 pars
950 2098 1069 2175 agmina
1083 2104 1205 2174 cogunt,

379 2189 599 2269 castigantque
614 2210 733 2249 moras:
755 2209 847 2267 opere
862 2191 957 2250 omnis
971 2190 1076 2249 semite
1090 2189 1193 2249 servet.

379 2282 457 2352 Quis
470 2285 523 2342 tibi
536 2294 622 2356 tunc,
636 2283 727 2355 Dido¹
744 2284 881 2343 cernenti
894 2285 967 2342 talia
981 2301 1088 2343 sensus
1101 2287 1108 2341 l

377 2377 503 2445 Quosve
517 2378 612 2436 dabas
625 2379 764 2455 gemitus,
781 2397 872 2454 quum
885 2379 985 2437 littora
997 2378 1114 2435 fervere
1128 2376 1188 2435 late

376 2470 572 2549 Prospioeres
587 2490 658 2530 arce
670 2491 708 2530 ex
721 2470 847 2543 summd,
863 2480 1016 2548 totumque
1031 2472 1148 2529 videres
1307 2472 1366 2529 ⁴10

377 2564 503 2624 Misceri
517 2576 586 2624 ante
600 2567 705 2625 oculos
718 2566 808 2624 tantis
822 2566 1003 2624 clamoribus
1017 2584 1120 2641 aequor
1133 2568 1141 2622 l

379 2655 515 2736 Improbe
531 2679 623 2731 amor,
641 2659 710 2736 quid
725 2680 784 2718 non
799 2660 935 2717 mortalia
951 2668 1074 2737 pectora
1088 2658 1192 2736 cogis!

378 2750 428 2809 lre
443 2753 550 2811 iterum
564 2753 594 2811 in
608 2753 768 2830 lacrymas,
785 2754 893 2811 iterum
905 2761 1021 2810 tentare
1036 2751 1186 2829 precando

378 2845 518 2924 Cogitur,
534 2856 564 2904 et
578 2847 703 2924 supplex
717 2847 831 2904 animos
845 2846 1017 2905 submittere
1032 2846 1145 2915 amori3

378 2938 427 2997 Ne
442 2939 511 3016 quid
530 2939 715 3016 inexpertum
730 2940 841 2999 frustrd
854 2941 996 2998 moritura
1008 2940 1166 3016 relinquat.
1306 2938 1365 2997 415

418 3033 517 3104 Anna,
533 3033 616 3091 vides
629 3042 691 3091 toto
706 3035 860 3111 properari
874 3035 971 3092 littore
988 3054 996 3104 ;
1021 3034 1133 3092 cirobm

319 3119 322 3122 ’
377 3125 517 3202 Undique
532 3124 723 3196 conventiam
746 3135 834 3187 vocat
850 3128 914 3203 jem
933 3129 1078 3186 carbasus
1092 3144 1203 3196 auras;

377 3219 532 3298 Puppibus
545 3229 574 3278 et
588 3220 649 3279 laeti
662 3230 761 3279 nautas
774 3219 943 3299 imposuere
959 3240 1095 3280 coronas.
1221 3228 1225 3234 ’

377 3314 472 3373 Hunc
485 3334 543 3393 ego
556 3314 582 3371 si
598 3316 679 3392 potui
692 3324 807 3373 tantum
820 3334 943 3393 sperare
959 3314 1101 3387 dolorem,

377 3407 419 3465 Et
433 3407 577 3486 pei-serre,
592 3427 688 3481 soror,
705 3418 818 3486 potero.
856 3408 977 3468 Misere
992 3410 1048 3467 boc
1062 3418 1160 3467 tamen
1175 3424 1267 3468 unum
1305 3408 1366 3467 420

377 3502 567 3579 Exsequere,
583 3504 682 3574 Anna,
698 3503 768 3560 mibi
785 3521 793 3572 ;
818 3502 912 3560 solam
928 3522 998 3560 nam
1011 3502 1142 3580 pertidus
1155 3502 1205 3561 ille

377 3596 424 3655 Te
438 3596 550 3668 colere,
567 3614 694 3655 arcanos
709 3594 798 3654 etiam
811 3596 865 3654 tibi
880 3596 1004 3654 credere
1019 3615 1125 3655 sensus
1141 3615 1149 3666 ;

378 3690 450 3749 Sola
463 3691 519 3749 viri
536 3690 640 3748 molles
655 3690 751 3748 aditus
765 3696 795 3749 et
809 3699 943 3767 tempora
956 3688 1057 3750 ndras.

377 3782 404 3857 1,
419 3804 514 3857 soror,
531 3794 622 3862 atque
636 3785 751 3843 bostem
765 3784 890 3862 supplex
905 3783 997 3842 affare
1012 3784 1173 3862 superbum
1188 3803 1196 3842 ε

376 3878 404 3938 N
409 3899 447 3937 on
461 3897 519 3957 ego
532 3898 601 3937 cum
614 3877 730 3937 Danais
745 3876 909 3953 Trojanam
922 3878 1098 3937 exscindere
1112 3887 1231 3959 gentem
1305 3874 1365 3935 425

377 3972 486 4031 Aulide
503 3972 613 4049 juravi,
629 3973 795 4031 classemve
809 3972 845 4029 ad
859 3972 1009 4051 Pergama
1022 3972 1088 4030 misi
1105 3990 1113 4042 ς

376 4066 407 4127 N
409 4086 445 4126 ec
459 4069 551 4146 patris
565 4070 706 4128 Anchisae
720 4070 853 4127 cinerem
866 4052 1011 4127 Manesve
1026 4068 1139 4128 revelli.

377 4160 445 4221 Cur
458 4181 525 4220 mea
539 4163 618 4220 dicta
633 4172 724 4241 negat
738 4161 829 4221 duras
844 4162 998 4221 demittere
1013 4162 1043 4222 in
1058 4182 1146 4221 aures
1163 4162 1174 4219 l

377 4254 448 4323 Quo
463 4256 545 4313 ruiti
586 4258 761 4316 Extremum
774 4258 832 4317 hoc
846 4258 962 4317 miseras
977 4258 1026 4316 det
1041 4276 1147 4316 munus
1163 4254 1293 4317 amanti:

376 4348 541 4429 Exspectet
554 4350 733 4430 facilemque
746 4352 848 4430 sugam
862 4360 1027 4429 ventosque
1041 4352 1184 4411 ferentes.
1305 4352 1366 4409 430
