3167 5234
537 539 714 590 AENEIDOS
733 541 804 589 ΜΒ.
819 541 883 590 xn.
1149 551 1209 609 ³23

215 682 286 745 Nou
300 679 402 761 pudet,
418 699 436 738 o
450 678 567 752 Rutuli,
583 699 637 758 pro
650 679 767 740 cunctis
779 681 890 740 talibus
903 699 993 740 uuam
1013 663 1018 677 ’

217 775 379 854 objectare
393 773 521 833 animam
535 774 546 830 l
566 793 740 846 uumerona,
757 794 796 833 an
810 774 923 834 viribus
936 773 1016 852 arqui
1146 777 1207 836 2³⁰

215 870 246 930 N
248 889 286 928 on
301 887 404 928 sumus
418 868 429 925 i
456 867 515 939 En,
532 886 635 926 omnes
648 875 678 926 et
691 867 789 928 Trois
804 877 835 926 et
847 868 987 926 menda
1000 867 1031 926 hi
1044 873 1124 940 aaut,

114 897 184 1031 a]
215 931 382 1070 Padusque
396 979 513 1032 manus,
529 961 644 1020 insensa
657 961 781 1020 Etruria
795 961 920 1023 Turno:

145 1038 166 1136 s
216 1055 277 1115 vix
290 1056 416 1127 hostem,
432 1055 541 1114 alterni
554 1055 580 1114 si
595 1055 835 1134 congrediamur,
851 1055 1006 1114 habemus.

139 1139 149 1185 l
217 1146 273 1208 Ille
289 1149 408 1226 quidem
421 1149 459 1207 ad
473 1149 615 1226 Superos,
632 1167 758 1225 quorum
771 1167 805 1208 ae
818 1147 945 1206 devovet
958 1147 1031 1220 aris,

217 1243 368 1304 Succedet
382 1240 472 1314 sama,
488 1242 633 1319 vivusque
649 1261 702 1320 per
715 1261 769 1300 ora
782 1242 896 1301 seretur
910 1260 918 1299 z
1145 1239 1204 1300 286

217 1336 293 1409 Nos,
310 1335 409 1415 patriai
422 1333 544 1407 arnissd,
561 1337 686 1396 dominis
700 1355 808 1414 parere
821 1336 959 1413 superbis

218 1429 384 1509 cogemur,
400 1430 452 1506 qui
465 1449 545 1488 uunc
560 1430 632 1488 lenti
645 1430 835 1489 consedimus
847 1429 938 1488 arvia.

216 1523 345 1584 Talibus
358 1525 482 1582 incensa
495 1532 541 1583 est
557 1524 700 1601 juvenum
714 1525 863 1584 sententia
879 1523 969 1582 dictis

215 1617 286 1677 Jam
300 1617 396 1696 magis
410 1626 500 1696 atque
514 1618 611 1696 magis
623 1637 632 1688 ;
655 1618 807 1696 serpitque
822 1636 876 1694 per
886 1615 1008 1694 agmina
1020 1633 1162 1676 murmur.

217 1709 280 1790 Ipsi
293 1711 464 1771 Laurentes
476 1713 590 1783 mutati,
608 1712 723 1790 ipsique
741 1709 853 1770 Latini.
1144 1710 1206 1770 240

218 1804 280 1873 Qui
293 1805 351 1865 sibi
366 1806 431 1882 jam
443 1807 578 1883 requiem
592 1825 699 1884 pugnae
713 1807 864 1881 rebusque
877 1804 1005 1862 salutem

218 1901 395 1978 sperabant,
409 1918 490 1959 nunc
504 1919 586 1958 arma
600 1899 712 1970 volunt,
728 1899 887 1975 foedusque
907 1904 1069 1975 precantur

217 1991 376 2066 Iniecturn,
392 2003 422 2052 et
435 1993 531 2052 Turni
545 2002 654 2051 sortem
667 1993 849 2051 miserantur
862 1992 1004 2068 iniquam

255 2085 316 2146 His
330 2087 410 2146 aliud
423 2087 519 2163 majus
531 2086 663 2146 Juturna
677 2085 822 2164 adjungit,
837 2093 868 2144 et
884 2087 945 2144 alto

216 2179 278 2240 Dat
291 2181 408 2260 siguum
424 2181 502 2240 coslo
518 2199 526 2250 ;
551 2199 610 2256 quo
623 2199 683 2238 non
697 2180 874 2257 praesentius
887 2179 980 2238 ullum
1045 2249 1049 2255 ⁵
1145 2179 1204 2236 246

216 2273 364 2334 Turbavit
377 2282 492 2334 mentes
506 2274 609 2343 Italas,
625 2281 818 2349 monstroque
832 2272 945 2331 fefellit.

216 2371 357 2448 Namque
370 2371 473 2430 volans
484 2366 578 2429 rubra
591 2370 689 2428 sulvus
701 2368 787 2428 Jovia
802 2368 866 2426 ales
882 2367 912 2426 in
925 2365 1020 2426 sethri

215 2463 367 2523 Littoreaa
381 2463 514 2542 agitabat
530 2481 612 2533 aves,
628 2463 805 2538 turbamque
819 2469 975 2520 sonantem

215 2557 353 2636 Agminis
367 2557 473 2636 aligeri
490 2575 497 2626 ;
521 2554 619 2614 subitd
635 2574 725 2631 quum
738 2554 841 2631 lapsus
855 2554 892 2612 ad
909 2553 1005 2612 undas

217 2649 355 2729 cycnum
370 2651 566 2710 excellentem
580 2649 704 2728 pedibus
718 2649 796 2725 rapit
809 2648 961 2726 improbus
975 2647 1070 2707 uncis.
1144 2649 1205 2708 250

215 2741 370 2804 Amexdre
384 2744 497 2802 animos
511 2742 580 2801 Itali
596 2762 605 2813 ;
628 2751 806 2817 cunctaeque
820 2740 959 2800 volucres

216 2835 404 2898 convertunt
417 2838 547 2896 clamore
562 2836 674 2915 fugam,
691 2835 841 2914 (mirabile
855 2834 920 2894 visu
934 2835 958 2914 l)

215 2930 408 3008 AEtheraque
423 2932 584 2989 obscurant
599 2931 714 3009 pennis,
729 2929 905 3006 hostemque
918 2947 973 3006 per
986 2925 1078 2989 auras

216 3023 314 3083 Facta
327 3026 405 3083 uube
420 3033 555 3102 premunt
571 3043 579 3094 3
603 3023 700 3083 donec
714 3024 743 3082 vi
756 3023 854 3082 victus
868 3031 898 3081 et
911 3023 977 3100 ipso

215 3117 353 3178 Pondere
368 3117 487 3190 defecit,
503 3118 693 3196 predamque
708 3137 746 3176 ex
760 3118 910 3195 unguibus
923 3116 988 3175 ales
1143 3115 1204 3174 256

215 3209 348 3289 Projecit
361 3211 461 3283 fluvio,
477 3211 653 3289 penitusque
669 3211 697 3269 iu
712 3211 815 3268 nubila
828 3210 912 3288 sugit.

216 3303 295 3364 Tum
308 3304 380 3363 verd
394 3305 552 3383 augurium
567 3303 673 3363 Rutuli
685 3304 818 3362 clamore
831 3304 972 3374 salutant,

216 3397 447 3475 Expediuutque
462 3415 566 3455 manus
581 3417 588 3466 3
613 3397 784 3474 primusque
799 3394 976 3455 Tolumnius
988 3413 1097 3474 augur,

216 3490 288 3550 Hoc
303 3499 378 3562 erat,
394 3491 452 3548 hoc
466 3490 552 3560 votis,
569 3486 674 3565 inquit,
691 3489 768 3565 quod
782 3489 863 3566 soepd
878 3488 968 3566 petivi
983 3507 991 3546 ι

216 3583 353 3660 Accipio,
369 3601 562 3660 agnoscoque
576 3581 657 3641 deos.
699 3580 762 3654 Me,
778 3601 826 3640 me
840 3582 928 3654 duce,
943 3581 1054 3640 ferrum
1144 3581 1204 3639 260

217 3675 382 3753 Corripite,
399 3695 417 3732 o
431 3676 542 3748 miseri,
559 3695 633 3752 quos
646 3675 798 3752 improbus
811 3674 928 3734 advena
940 3675 1020 3734 bello

216 3768 360 3841 Territat,
376 3767 521 3827 invalidas
535 3777 566 3827 ut
580 3787 652 3831 aves
668 3787 676 3838 ;
701 3777 730 3826 et
743 3768 842 3827 littora
856 3779 958 3828 vestra

215 3862 257 3923 Vi
270 3863 400 3941 populat.
442 3861 529 3920 Petet
544 3862 593 3920 ille
607 3861 720 3940 fugam,
737 3861 913 3938 penitusque
927 3859 1072 3939 profundo

170 3983 176 3994 ι
218 3955 296 4015 Vela
309 3956 399 4015 dabit.
440 3954 506 4014 Vos
520 3955 651 4014 unanimi
665 3954 787 4013 densato
802 3963 953 4027 catervas,

218 4049 258 4108 Et
272 4068 375 4128 regem
388 4049 472 4108 vobis
486 4047 588 4127 pugni
600 4048 749 4107 defendite
763 4056 891 4125 raptum.
1144 4048 1203 4108 266

217 4141 312 4215 Dixit,
328 4151 357 4202 et
372 4143 515 4202 adversos
527 4144 619 4202 telum
632 4142 775 4201 contorsit
789 4142 821 4200 in
833 4142 935 4201 hostes

216 4235 424 4308 Procurrcue3
448 4239 576 4297 sonitum
590 4237 778 4296 dat'stridula
792 4255 912 4307 cornus,
928 4244 958 4295 et
977 4255 1067 4296 curas

219 4327 314 4390 Certa
326 4339 418 4392 secat.
461 4332 552 4392 Simul
567 4331 634 4404 hoc,
651 4331 738 4390 simul
751 4330 858 4410 ingens
871 4330 995 4404 clamor,
1010 4339 1040 4391 et
1053 4349 1156 4390 omnes
