3167 5234
360 558 401 615 62
626 549 675 625 ἱΡ.
698 548 866 597 VIRGILII
892 546 1065 597 ursonis

360 690 402 749 Et
416 689 476 750 duo
489 696 576 767 rapta
588 706 677 747 mann
692 686 811 747 diverso
825 706 864 746 ex
876 687 961 747 hoste
975 694 1100 765 tropea,

360 784 474 860 Bisque
487 781 684 861 triumphatas
698 791 824 859 utroque
840 782 877 839 ab
891 781 989 840 littore
1002 788 1118 859 gentes.

361 879 488 937 Stabunt
501 884 532 935 et
544 876 626 935 Parii
643 874 769 952 lapides,
785 875 930 953 spirantia
942 875 1039 953 signa,

360 973 504 1033 Assaraci
521 972 630 1051 proles,
646 970 844 1047 demissaeque
859 972 895 1029 ab
908 970 986 1029 Jove
998 968 1098 1047 gentis

360 1068 502 1138 Nomina,
517 1066 656 1141 Trosque
671 1084 789 1142 parens,
806 1073 836 1122 et
850 1064 951 1141 Trojse
966 1062 1115 1141 Cynthius
1128 1069 1245 1121 auctor.

361 1160 478 1219 Invidia
491 1160 592 1218 infelix
606 1158 716 1217 Furias
729 1176 906 1233 amnemque
920 1176 1058 1216 severum

361 1254 471 1332 Cocyti
484 1260 607 1323 metuet,
622 1259 775 1328 tortosque
791 1248 902 1309 Ixionis
917 1270 1032 1329 angues

360 1347 582 1424 immanemque
596 1353 702 1416 rotam,
718 1353 749 1402 et
761 1364 821 1403 non
835 1345 1043 1422 exsuperabile
1058 1361 1171 1402 saxum.

400 1440 522 1500 Interea
534 1439 692 1517 Dryadum
705 1439 797 1497 silvas
811 1439 965 1515 saltusque
979 1456 1141 1513 sequamur

361 1534 504 1604 Intactas,
517 1543 581 1603 tna,
597 1532 763 1603 Maecenas,
779 1532 859 1590 baud
876 1532 977 1590 mollia
993 1530 1089 1608 jussa.

360 1629 406 1687 Te
419 1628 485 1687 sine
498 1627 539 1685 nil
558 1626 650 1683 altum
664 1644 747 1683 mens
760 1625 889 1684 inchoat.
930 1625 990 1697 En,
1006 1644 1075 1703 age,
1091 1642 1201 1701 segnes

360 1722 479 1799 Rumpe
492 1740 593 1780 moras
608 1739 617 1789 ;
641 1727 728 1777 vocat
742 1719 856 1797 ingenti
870 1719 1001 1777 elamore
1017 1718 1194 1797 Cithaeron,¹

359 1814 551 1893 Taygetique
565 1832 669 1884 canes,
684 1812 881 1888 domitrixque
895 1811 1065 1889 Epidaurus
1079 1828 1223 1887 equorum
1238 1828 1246 1881 ;

358 1908 401 1968 Et
415 1926 473 1967 vox
486 1926 612 1966 assensu
626 1925 779 1965 nemorum
792 1906 975 1983 ingeminata
988 1904 1126 1983 remugit.

358 2001 433 2060 Mox
445 2009 545 2059 tamen
559 2000 698 2059 ardentes
711 1999 856 2077 accingar
869 1999 969 2057 dicere
985 2018 1101 2076 pugnas

360 2094 505 2164 Caesaris,
521 2102 551 2153 et
565 2113 672 2151 nomen
687 2092 767 2153 famei
779 2102 821 2151 tot
837 2092 915 2151 ferre
930 2111 1092 2170 perennes

358 2188 482 2247 Tithoni
495 2185 592 2265 primsi
605 2196 677 2264 quot
691 2188 776 2245 abest
790 2187 829 2245 ab
843 2185 957 2263 origine
972 2186 1088 2245 Caesar.

399 2284 460 2341 Seu
475 2281 553 2358 quis,
570 2278 756 2358 Olympiaca
769 2280 894 2339 miratus
907 2280 1028 2356 praemia
1043 2280 1158 2357 palmes,

357 2374 461 2435 Pascit
474 2393 579 2452 equos,
595 2394 650 2431 seu
665 2374 731 2450 quis
745 2373 837 2432 sortes
851 2373 889 2430 ad
903 2382 1004 2431 aratra
1019 2373 1177 2450 juvencos,

359 2468 498 2548 Corpora
511 2466 661 2546 praecipue
675 2478 802 2527 matrum
816 2467 907 2545 legat.
949 2467 1068 2545 Optima
1082 2462 1185 2527 torvse'

358 2562 470 2621 Forma
483 2563 576 2632 bovis,
592 2561 642 2619 cui
660 2569 747 2639 turpe
760 2570 862 2639 eaput,
879 2561 927 2620 cui
944 2561 1069 2639 plurima
1083 2562 1197 2633 cervix,

358 2656 399 2715 Et
413 2674 535 2714 crurum
547 2662 637 2713 tenus
651 2673 671 2711 a
684 2663 784 2713 mento
799 2654 932 2731 palearia
947 2654 1075 2731 pendent
1092 2674 1100 2725 ;

358 2749 438 2807 Tum
451 2747 541 2825 longo
554 2748 655 2805 nullus
668 2747 755 2805 lateri
769 2748 873 2805 modus
889 2766 897 2817 ;
921 2748 1020 2806 omnia
1033 2767 1154 2827 magna,

357 2840 418 2901 Pes
431 2841 522 2899 etiam
537 2859 546 2910 3
569 2850 599 2899 et
614 2840 747 2899 camuris
764 2840 850 2899 birtae
864 2842 919 2899 sub
934 2842 1075 2901 cornibus
1089 2862 1188 2902 aures.

358 2934 387 2992 N
389 2954 425 2993 ec
439 2934 510 2993 mihi
523 2933 679 3011 displiceat
694 2934 819 2993 maculis
833 2934 958 3011 insignis
972 2942 1001 2993 et
1016 2934 1094 3009 albo,

358 3025 422 3086 Aut
438 3027 514 3105 juga
528 3027 700 3086 detrectans
713 3046 721 3096 ;
744 3027 952 3104 interdumque
968 3026 1075 3108 aspera
1088 3048 1193 3102 cornu,

358 3120 399 3179 Et
412 3120 521 3179 faciem
533 3129 622 3179 tauro
636 3120 755 3198 propior
770 3140 778 3189 3
803 3141 929 3198 quaeque
943 3122 1038 3182 ardua
1051 3132 1123 3196 tota,

357 3214 398 3274 Et
413 3214 556 3293 gradiens
569 3212 631 3273 imai
644 3214 735 3272 verrit
749 3216 876 3293 vestigia
890 3216 997 3276 caude.

398 3309 492 3369 AEtas
505 3308 653 3367 Lucinam
670 3308 826 3385 justosque
841 3310 902 3387 pati
919 3311 1090 3388 hymeneos

357 3402 477 3461 Desinit
492 3409 560 3460 ante
575 3400 690 3472 decern,
706 3411 772 3483 post
786 3409 914 3478 quatuor
926 3404 1028 3482 incipit
1043 3423 1156 3464 annos:

288 3537 293 3547 ·
358 3495 482 3556 Caetera
494 3513 552 3553 nec
565 3493 682 3553 feature
696 3494 815 3567 habilis,
831 3514 889 3554 nec
903 3497 987 3555 fortis
1001 3499 1119 3558 aratris.

358 3587 489 3659 Interea,
506 3594 627 3665 superat
640 3588 783 3665 gregibus
797 3588 866 3646 dum
883 3590 953 3649 laeta
969 3591 1120 3667 juventas,

358 3683 447 3741 Solve
461 3700 561 3740 mares
577 3700 586 3751 ;
609 3681 691 3739 mitte
705 3680 735 3739 in
749 3680 901 3741 Venerem
916 3686 1058 3761 pecuaria
1071 3686 1192 3764 primus,

357 3778 457 3853 Atque
472 3776 561 3835 aliam
574 3795 612 3834 ex
626 3774 688 3833 alit
699 3774 872 3854 generando
886 3777 990 3837 suffice
1006 3780 1127 3858 prolem.

357 3868 478 3946 Optima
491 3888 618 3946 quaeque
631 3869 696 3928 dies
710 3869 828 3928 miseris
842 3872 1014 3931 mortalibus
1029 3873 1084 3933 mvi

357 3960 459 4019 Prima
473 3961 569 4040 sugit:
591 3964 720 4022 subeunt
733 3964 839 4037 morbi,
855 3965 1007 4042 tristisque
1022 3974 1173 4041 senectus,

357 4053 399 4113 Et
412 4054 508 4126 labor,
524 4066 554 4114 et
567 4054 651 4115 durae
664 4058 741 4135 rapit
755 4059 946 4118 inclementia
960 4060 1071 4120 mortis.

360 4148 485 4226 Semper
497 4156 595 4220 erunt,
613 4169 738 4225 quarum
750 4153 859 4211 mutari
872 4171 998 4231 corpora
1011 4154 1097 4211 malis
1110 4174 1119 4226 3

359 4244 482 4321 Semper
495 4242 574 4301 enim
585 4243 679 4301 refice
695 4262 703 4300 ε
724 4264 772 4317 ac,
787 4266 826 4305 ne
840 4246 906 4325 pdst
920 4248 1032 4307 amissa
1043 4248 1192 4326 requiras,
1290 4260 1297 4277 ‘

357 4336 518 4409 Anteveni,
532 4344 561 4395 et
575 4337 710 4397 sobolem
723 4348 857 4399 armento
871 4342 978 4401 sortire
992 4343 1160 4419 quotannis.
