3167 5234
336 549 375 609 80
636 541 663 590 Ρ.
677 540 843 615 VIRGlLll
861 537 1032 588 Mettoms

334 683 417 744 AEra
430 684 499 742 lecu
515 701 523 754 ;
546 681 638 762 gemit
652 681 796 760 impositis
808 680 966 740 incudibus
978 679 1078 740 AEtaa
1091 698 1100 749 ;

336 777 384 837 llli
397 778 474 837 inter
487 795 555 836 sese
569 774 679 855 magud
692 775 721 835 ri
736 775 861 834 bracbia
872 774 979 834 tollunt

336 869 371 930 In
386 855 551 944 numerum,
567 876 748 945 versantque
762 869 863 926 tenaci
876 868 989 946 forcipe
1004 867 1124 926 serrum
1268 869 1324 927 tto

335 963 405 1024 Non
420 963 516 1036 aliter,
532 963 558 1022 si
575 980 668 1042 parva
681 962 752 1022 licet
766 979 945 1039 componere
958 961 1086 1040 magnis,

336 1055 503 1135 Cecropias
517 1057 636 1116 innatus
650 1073 722 1133 apes
736 1074 820 1114 emor
832 1063 921 1134 urget
934 1053 1075 1126 habendi,

335 1148 463 1208 Munere
479 1167 627 1226 quamque
641 1167 706 1208 suo.
748 1147 928 1208 Grendaevis
947 1147 1056 1225 oppida
1071 1164 1164 1218 curte,

335 1242 376 1302 Et
390 1243 504 1301 munire
519 1242 613 1314 favos,
629 1251 659 1300 et
675 1241 792 1302 daedala
806 1242 921 1319 fingere
935 1250 1025 1299 tecta.

335 1335 376 1393 At
389 1333 476 1394 fessa
490 1334 583 1394 multd
595 1333 729 1394 referunt
743 1354 776 1394 se
791 1342 879 1393 nocte
893 1333 1033 1405 minores,
1266 1333 1323 1393 180

336 1426 436 1488 Crura
448 1429 550 1506 thymo
564 1429 658 1506 plenae
675 1447 683 1485 :
707 1435 870 1506 pascuntur
883 1435 914 1485 et
927 1427 1035 1486 arbuta
1047 1425 1168 1505 passim,

334 1520 375 1581 Et
389 1522 514 1599 glauces
527 1523 647 1594 salices,
664 1522 847 1599 casiamque,
863 1539 1046 1598 crocumque
1058 1520 1227 1592 rubentem,

334 1615 375 1674 Et
391 1616 528 1693 pinguem
542 1616 646 1687 tiliam,
663 1623 692 1674 et
707 1614 895 1694 ferrugineos
908 1614 1093 1706 hyacintbps.

335 1708 480 1768 Omnibus
495 1727 554 1768 une
569 1709 654 1786 quies
667 1727 801 1786 operum,
816 1709 902 1767 labor
915 1708 1052 1768 omnibus
1064 1727 1152 1768 unus.

335 1799 427 1861 Mane
442 1811 531 1862 ruunt
544 1803 637 1881 portis
652 1821 661 1874 ;
684 1821 832 1878 nusquam
844 1821 948 1861 mora:
969 1821 1075 1862 rursus
1088 1803 1210 1864 easdem
1268 1803 1322 1862 1⁰5

335 1894 455 1974 Vesper
469 1896 520 1955 ubi
533 1913 550 1953 e
565 1905 651 1974 pastu
664 1896 785 1955 tandem
798 1896 947 1955 decedere
960 1897 1074 1974 campis

335 1989 507 2062 Admonuit,
523 1998 587 2049 tum
603 1999 685 2050 tecta
698 1987 812 2070 peturit,
828 1997 891 2050 tum
904 2009 1031 2068 corpora
1045 1998 1152 2050 curant
1166 2009 1175 2063 3

335 2083 385 2142 Fit
399 2084 523 2155 sonitus,
539 2089 733 2160 mussantque
748 2103 817 2142 oras
830 2092 860 2142 et
874 2084 975 2143 limina
988 2083 1111 2143 circum.
1226 2093 1234 2116 ⁸

335 2175 419 2250 Pers,
436 2177 487 2235 ubi
503 2177 566 2253 jem
583 2176 721 2236 thalamis
734 2195 767 2236 ss
781 2173 986 2256 composuere,
1002 2177 1108 2236 siletur

336 2268 371 2328 Ia
386 2277 514 2341 noctem,
530 2270 685 2348 fessosque
700 2289 790 2348 sopor
803 2289 877 2328 suus
888 2279 1018 2348 occupet
1032 2278 1124 2329 artus.
1267 2271 1323 2330 191)

335 2361 365 2422 N
367 2381 402 2422 ec
417 2363 489 2422 verb
504 2363 661 2423 estabelis
676 2363 776 2442 pluvid
790 2363 978 2441 impendente
991 2363 1136 2422 recedunt

334 2455 480 2535 Longius,
498 2465 549 2515 sut
562 2457 687 2517 credunt
702 2458 791 2530 ccelo,
808 2457 1037 2516 adventantibus
1049 2457 1142 2518 Euris
1154 2477 1163 2530 ς

337 2550 395 2609 Sed
409 2550 523 2610 circum
534 2559 607 2611 tutes
621 2553 677 2610 sub
692 2551 840 2611 moenibus
852 2551 935 2610 urbis
948 2560 1106 2628 aquantur,

335 2643 550 2720 Excursusque
569 2647 677 2705 breves
695 2652 811 2704 tentent
826 2663 834 2714 3
859 2651 889 2703 et
903 2644 983 2722 seepd
997 2644 1123 2723 lapillos,

335 2733 376 2795 Ut
390 2739 504 2814 cymba
518 2737 672 2797 instabiles
686 2737 778 2797 fluctu
795 2738 931 2815 jactante
944 2739 1110 2811 saburram,
1267 2739 1323 2798 196

335 2828 458 2888 Tollunt
474 2849 482 2899 ;
506 2829 552 2888 bis
567 2849 635 2889 sese
649 2849 703 2908 per
716 2830 817 2889 inania
829 2832 933 2890 nubile
946 2832 1062 2892 librant.

375 2922 463 2982 Illum
480 2923 555 2982 eded
570 2924 718 3002 placuisse
733 2925 839 3003 apibus
852 2926 1001 2984 mirabere
1015 2943 1137 2997 morem,

336 3016 426 3086 Qudd
440 3037 498 3076 nec
511 3018 671 3077 concubitu
685 3018 851 3097 indulgent,
866 3038 924 3076 uec
938 3039 1065 3096 corpora
1079 3036 1189 3098 segnes

336 3110 372 3170 In
384 3109 537 3170 Venerem
551 3111 679 3184 solvunt,
697 3120 747 3170 aut
762 3112 853 3172 foetus
866 3113 984 3170 nixibus
998 3113 1089 3171 edunt
1104 3131 1112 3170 τ

335 3203 449 3264 Verium
462 3205 534 3283 ipsae
547 3223 565 3264 s
579 3203 656 3264 foliis
670 3212 756 3265 natos
770 3215 800 3264 et
814 3206 957 3264 suavibus
970 3206 1070 3265 herbis
1261 3203 1323 3264 200

335 3297 398 3357 Ore
412 3298 516 3377 legunt
531 3319 539 3368 ;
563 3299 636 3376 ipses
649 3317 753 3378 regem
767 3319 936 3378 parvosque
950 3299 1085 3367 Quirites

337 3392 493 3451 Sufficiunt
507 3412 515 3463 ;
539 3393 684 3470 aulasque
698 3401 728 3452 et
742 3411 834 3452 cerea
846 3412 942 3470 regna
954 3393 1114 3472 retinguet.

337 3485 423 3564 Saepe
438 3487 527 3545 etiam
540 3486 623 3545 duris
637 3486 764 3546 errando
778 3487 809 3544 in
823 3487 940 3545 cotibus
953 3486 1019 3544 ales

336 3577 498 3652 Attrirdre,
515 3579 652 3656 ultroque
667 3579 796 3640 animem
813 3580 869 3638 sub
883 3579 966 3638 fasce
980 3577 1112 3640 dedite:

335 3669 452 3732 Tantus
466 3692 549 3732 emor
562 3673 677 3746 florum,
694 3681 723 3732 et
737 3673 903 3751 generandi
919 3674 1015 3752 gloria
1028 3674 1123 3734 mellis
1136 3676 1144 3732 l
1263 3673 1323 3733 205

374 3767 459 3846 Ergo
474 3767 555 3845 ipses
569 3767 704 3845 quamvis
718 3767 839 3846 angusti
851 3768 996 3826 terminus
1010 3769 1067 3828 aevi

335 3859 485 3939 Excipiet,
501 3881 599 3938 neque
614 3863 693 3921 enim
710 3862 777 3940 plus
791 3861 916 3939 septima
931 3861 1049 3922 ducitur
1062 3868 1163 3934 testas,

335 3953 375 4012 At
388 3973 487 4032 genus
498 3955 661 4015 immortale
675 3963 784 4027 menet,
802 3957 969 4032 multosque
983 3973 1146 4033 perennes

336 4047 400 4104 stat
422 4046 539 4106 fortune
552 4046 666 4120 demite,
682 4057 712 4108 et
727 4049 774 4108 avi
787 4056 982 4111 numerentur
995 4067 1128 4107 erorum.

335 4136 489 4197 Praeterea
502 4159 605 4219 regem
619 4159 678 4200 non
691 4142 735 4201 sic
748 4142 914 4221 AEgyptus,
931 4151 960 4201 et
980 4141 1088 4220 ingens
1263 4140 1324 4200 210

334 4231 442 4309 Lydis,
457 4252 514 4291 nec
529 4234 627 4313 populi
640 4234 829 4309 Parthorum,
846 4244 897 4295 sut
910 4235 1020 4294 Medus
1034 4235 1208 4313 Hydaspes,

335 4323 514 4386 Observant.
555 4327 644 4407 Rege
658 4328 808 4403 incolumi,
824 4347 910 4390 mens
922 4329 1132 4406 omnibusune
1144 4336 1214 4389 est:
