3167 5234
343 535 383 596 Μ
631 531 658 578 r.
677 531 846 580 vinciam
862 531 1042 582 aaronis

383 671 425 732 At
437 677 533 730 mater
545 670 674 730 sonitum
686 671 819 732 thalamo
834 673 892 732 suh
904 673 1035 733 fluminis
1047 671 1101 732 aui

345 765 454 824 Sensit.
496 765 576 825 Eam
590 765 704 824 circum
717 765 840 825 Milesia
852 767 967 827 vellera
979 766 1130 846 Nympha

345 858 533 938 Carpebant,
549 859 629 937 hyali
642 870 746 918 saturo
759 860 864 920 fucata
876 861 977 920 colore
991 880 1000 931 ;

344 951 532 1032 Drymoque,
547 953 742 1031 Xanthoque,
757 953 926 1033 Ligeaque,
942 955 1198 1033 Phyllodoceque,

346 1047 514 1110 Caesaricm
527 1048 631 1108 effusae
645 1048 768 1107 nitidam
780 1048 976 1126 percandida
989 1050 1068 1108 colla
1081 1068 1090 1120 ;

348 1141 483 1222 [Nesaea
501 1143 643 1221 Spioque,
659 1142 840 1219 Thaliaque,
856 1142 1118 1222 Cymodoceque‚]

346 1236 557 1316 Cydippeque,
572 1247 602 1294 et
617 1235 695 1294 flava
708 1235 858 1312 Lycorias
871 1257 880 1307 3
903 1237 1000 1295 altera
1012 1238 1110 1315 virgo,

346 1331 453 1392 Altera
465 1338 527 1389 tum
543 1331 653 1408 primos
666 1329 792 1388 Lucinae
807 1339 932 1412 experta
950 1330 1090 1400 lahorea3

347 1424 488 1502 Clioque,
505 1433 535 1484 et
550 1423 651 1484 Beroe
665 1443 760 1497 soror,
776 1424 971 1483 Oceanitides
984 1427 1092 1496 amba,

345 1520 453 1579 Ambae
468 1539 542 1578 auro
557 1519 644 1596 pictis
658 1519 797 1578 incincta
811 1519 939 1596 pellihua
952 1520 1049 1578 amhm
1063 1538 1071 1588 ;

346 1614 448 1690 Atque
461 1613 597 1691 Ephyre,
613 1621 704 1690 atque
718 1612 804 1690 Opis,
820 1621 850 1670 et
864 1612 941 1672 Asia
953 1613 1093 1690 Deiopea
1107 1631 1116 1683 ;

346 1707 389 1768 Et
403 1707 522 1766 taudem
538 1707 642 1785 positia
656 1706 744 1765 velox
756 1706 912 1765 Arethusa
925 1708 1053 1785 sagittis.

347 1799 433 1862 Inter
447 1820 522 1879 quas
536 1819 642 1860 curam
655 1800 804 1877 Clymene
818 1801 959 1860 narrabat
972 1803 1090 1860 inanem

347 1893 491 1967 Vulcani,
506 1895 675 1971 Martisque
690 1894 774 1952 dolos
788 1902 819 1952 et
831 1895 933 1954 dulcia
945 1895 1025 1954 furta
1040 1914 1049 1966 ;

347 1989 437 2066 Aque
452 1988 541 2049 Chao
555 1989 664 2048 densos
678 1985 778 2046 diutim
791 1990 969 2048 numerabat
989 2009 1116 2048 amores.

349 2085 493 2148 Carmine
509 2104 568 2163 quo
581 2093 677 2163 capta
691 2084 762 2144 dum
780 2084 855 2144 fissis
868 2085 970 2144 mollia
982 2105 1078 2164 pensa

347 2179 532 2252 Devolvunt,
550 2179 658 2238 iterum
672 2187 822 2238 maternae
835 2180 950 2258 impulit
963 2199 1055 2238 aurea

347 2273 465 2336 Luctus
479 2272 613 2344 Aristaei,
630 2272 793 2350 vitreisque
808 2273 952 2335 aedilibus
964 2293 1069 2334 omues

348 2365 541 2446 Obstupuere
556 2386 563 2426 ε
586 2366 640 2426 sed
653 2375 723 2426 ente
738 2369 816 2426 elias
830 2366 983 2428 Arethusa
996 2387 1118 2427 sorores

347 2463 552 2542 Prospiciena,
569 2459 686 2520 summi
700 2461 810 2522 flavum
824 2471 915 2540 caput
927 2462 1033 2521 extulit
1047 2460 1137 2521 uadi.

348 2557 390 2619 Et
404 2558 509 2637 procul
525 2576 534 2616 τ
558 2562 579 2588 “
591 2556 619 2615 Ο
633 2557 746 2636 gemitu
761 2576 821 2616 uon
836 2557 947 2616 scodra
959 2556 1104 2616 exterrita
1115 2563 1213 2627 tanto,
1284 2622 1289 2631 ,

350 2651 473 2730 Cyrene
488 2671 583 2722 soror,
599 2651 663 2728 ipse
677 2651 741 2721 tibi,
757 2659 811 2708 lua
824 2651 953 2710 maxima
964 2669 1051 2722 cura,

348 2745 460 2806 Tristis
474 2744 622 2803 Armteeua
635 2743 730 2804 Penei
744 2744 890 2820 genitoris
903 2743 942 2803 ad
956 2744 1066 2803 undam

350 2841 416 2900 Stat
430 2839 611 2916 lacrymans,
627 2845 658 2896 et
670 2846 701 2895 te
716 2837 869 2896 crudelem
883 2838 1001 2896 nomine
1015 2837 1122 2897 dicit.’¹

349 2933 434 2994 Huic
449 2950 593 3010 percussa
606 2929 687 2990 noval
706 2939 836 2989 mentem
855 2932 1009 2991 formidine
1022 2941 1130 3004 mater,

352 3031 374 3060 “
385 3025 468 3097 Duc,
484 3043 552 3103 age,
566 3024 626 3082 duo
641 3025 679 3083 ad
692 3045 747 3084 noa
764 3045 772 3096 3
796 3026 843 3084 ias
855 3025 898 3084 illi
911 3025 1013 3084 limina
1025 3023 1127 3084 diutim

348 3119 529 3199 Tangere,”
544 3119 594 3178 ait.
638 3118 732 3178 Simul
751 3119 813 3178 alta
829 3119 916 3196 jubat
930 3120 1087 3178 discedere
1100 3117 1161 3178 late

348 3213 501 3286 Flumine,
519 3211 580 3290 qud
596 3214 718 3290 juvenis
731 3233 856 3292 gressus
869 3214 1013 3274 inferret:
1035 3222 1066 3272 at
1080 3213 1164 3272 illum

350 3307 488 3370 Curiata
502 3308 532 3366 iu
545 3307 654 3366 montis
668 3307 776 3367 faciem
789 3309 987 3367 circumstetit
999 3307 1090 3379 unda,

352 3402 539 3481 Accepitque
557 3402 624 3461 sinu
639 3411 735 3474 vasto,
751 3403 890 3480 misitque
904 3403 961 3461 suh
976 3421 1103 3460 amnem.

349 3495 480 3574 Jamque
493 3495 612 3556 domum
629 3497 742 3555 mirans
755 3497 929 3576 genetricis,
945 3504 976 3554 et
994 3495 1115 3554 humida
1128 3511 1233 3575 regna,

351 3590 570 3668 speluncisque
584 3590 670 3648 lacus
684 3590 814 3661 clausos,
830 3591 976 3668 lucosque
990 3597 1143 3662 sonantes,

351 3679 419 3743 Ibat
433 3702 441 3754 ;
465 3691 506 3756 et,
523 3683 636 3764 ingenti
650 3691 731 3742 motu
746 3683 931 3761 stupefactus
945 3701 1102 3761 aquarum,

251 3777 253 3790 '
349 3775 460 3837 Omnia
473 3778 529 3837 sub
544 3775 656 3856 magud
669 3777 802 3835 labentia
816 3776 939 3836 flumina
951 3776 1036 3835 terri

351 3869 514 3948 Spectabat
528 3870 648 3930 diversa
662 3870 748 3942 locis,
763 3869 957 3947 Phasimque,
971 3869 1161 3948 Lycumque,

349 3963 391 4024 Et
405 3970 507 4042 capul,
524 3964 602 4024 unde
617 3965 695 4024 altus
709 3963 835 4044 primum
849 3983 884 4024 ae
897 3965 1024 4043 erumpit
1039 3965 1185 4041 Enipeus,

350 4055 438 4116 Unde
453 4065 539 4134 pater
552 4056 724 4132 Tiberinus,
740 4066 770 4118 et
784 4059 864 4118 uude
877 4059 997 4118 Aniena
1011 4058 1134 4130 fluenta,

352 4149 558 4227 Saxosumque
573 4169 683 4210 sonans
696 4153 846 4232 Hypanis,
861 4152 1030 4230 Mysusque
1044 4151 1172 4224 Caicus,

321 4311 328 4326 „
350 4243 392 4305 m
411 4245 531 4324 gemina
545 4251 668 4304 auratus
681 4248 800 4306 taurino
814 4265 929 4306 cornua
942 4246 1026 4305 vultu

350 4339 503 4400 Eridanus
519 4359 528 4411 ;
553 4359 612 4418 quo
626 4359 684 4400 uon
698 4340 775 4401 aliua
789 4362 843 4421 per
856 4341 977 4421 pinguia
992 4340 1075 4400 culta
