3167 5234
355 560 409 618 156
566 565 572 576 ·
636 556 663 603 P.
682 556 848 606 visatur
872 556 1043 607 Minoum

352 693 475 773 Ignotae
488 702 617 773 peteres,
633 704 663 755 et
675 696 770 773 Troja
783 698 905 775 antiqua
918 703 1062 769 maneret,

352 786 446 864 Troja
460 807 514 865 per
526 788 671 847 undosum
685 798 838 866 peteretur
851 790 996 849 classibus
1011 808 1116 866 aequor
1130 788 1141 844 i

353 878 449 939 Mane
463 880 541 961 sugis
556 881 567 939 i
606 881 667 940 Per
680 900 738 960 ego
752 883 808 941 has
821 884 970 961 lacrymas
984 883 1178 958 dextramque
1191 890 1283 955 tuam,
1296 890 1338 955 te,

355 972 499 1059 (Quando
513 974 594 1033 aliud
607 975 679 1033 mibi
694 976 757 1051 jam
770 975 887 1035 miserae
902 975 972 1034 nihil
988 976 1052 1053 ipsa
1066 974 1202 1057 reliqui)¹
1281 978 1341 1035 315

354 1066 415 1127 Par
428 1069 578 1127 connubia
591 1077 703 1140 nostra,
720 1087 773 1145 per
786 1069 920 1146 inceptos
934 1068 1116 1145 hymenaeos,

356 1160 387 1219 Si
400 1162 476 1219 bene
492 1161 564 1239 quid
577 1160 614 1219 de
628 1171 657 1220 te
671 1161 777 1233 merui,
794 1161 846 1220 suit
862 1170 913 1219 aut
926 1161 979 1219 tibi
994 1160 1155 1236 quidquam

355 1253 454 1311 Dulce
468 1272 577 1327 meum,
594 1255 737 1312 miserere
752 1251 855 1312 domim
869 1254 1006 1324 labentis,
1023 1262 1051 1310 at
1066 1254 1162 1325 istam,
1278 1252 1281 1259 ’

354 1345 427 1418 Oro,
443 1346 470 1405 si
484 1347 550 1424 quis
563 1347 662 1405 adhuc
676 1347 816 1425 precibus
830 1347 925 1417 locus,
940 1364 1017 1404 exue
1031 1354 1169 1405 mentem.

354 1438 401 1497 Te
415 1447 535 1517 propter
546 1439 672 1516 Libycae
687 1448 793 1517 gentes
807 1440 1036 1516 Nomadumque
1049 1438 1168 1517 tyranni
1281 1440 1342 1497 320

355 1530 456 1619 Odere
470 1552 478 1601 ;
502 1532 610 1591 infensi
623 1532 708 1609 Tyrii
722 1552 730 1603 ;
753 1542 784 1591 te
798 1542 918 1611 propter
931 1533 1059 1591 eundem

354 1624 514 1684 Extinctus
528 1626 631 1703 pudor,
647 1635 688 1698 et,
706 1624 765 1703 qud
777 1625 844 1685 sold
857 1625 957 1686 sidera
976 1626 1103 1697 adibam,

355 1718 452 1778 Fama
465 1720 554 1796 prior.
596 1719 657 1778 Cui
670 1738 718 1777 me
731 1717 935 1777 moribundam
949 1718 1074 1789 deseris,
1089 1710 1198 1796 hospes
1212 1717 1224 1775 l

355 1811 427 1871 Hoc
440 1813 536 1870 solum
548 1830 656 1871 nomeu
671 1813 810 1888 quoniam
823 1812 860 1870 de
875 1813 1002 1891 conjuge
1017 1820 1118 1872 restat.

356 1903 438 1974 Quid
454 1925 552 1964 moror
566 1906 577 1963 i
598 1925 637 1964 au
652 1925 718 1964 mea
731 1906 907 1984 Pygmalion
921 1906 990 1965 dum
1004 1906 1114 1964 maenia
1127 1905 1221 1965 frater
1282 1906 1342 1964 aab

355 1997 512 2073 Destruet,
528 2008 579 2057 aut
592 2007 711 2078 captam
724 1999 815 2057 duest
828 1999 966 2058 Gaetulus
980 1998 1087 2058 larbss
1101 1999 1112 2055 ?

357 2069 470 2151 Saltim
483 2093 509 2151 si
523 2111 583 2169 qua
595 2093 666 2151 mihi
679 2092 716 2151 de
729 2101 760 2151 tc
774 2100 916 2169 suscepta
930 2092 1033 2151 suisset

356 2186 435 2245 Ante
450 2186 551 2267 sugam
564 2188 683 2246 soboles
696 2206 705 2257 3
728 2187 753 2244 si
769 2186 834 2263 quis
848 2186 918 2244 mihi
932 2186 1073 2263 parvulus
1087 2184 1159 2246 aulai

355 2277 490 2339 Luderet
502 2279 632 2352 AEneas,
646 2281 697 2357 qui
710 2289 740 2338 te
753 2289 853 2338 tamen
867 2298 920 2338 ore
934 2280 1060 2338 referret
1072 2298 1079 2350 ;

335 2363 341 2373 ’
356 2372 426 2432 Νοιι
439 2370 578 2449 equidem
591 2374 710 2432 omuino
723 2383 812 2452 capta
826 2392 862 2431 ac
876 2372 995 2432 deserta
1009 2373 1135 2433 viderer.
1283 2376 1344 2435 330

182 2528 217 2559 .··
299 2491 327 2522 .-
395 2465 532 2527 Dixerat.
574 2466 630 2527 Ille
643 2467 729 2526 Jovis
742 2467 861 2525 monitis
875 2468 995 2526 immota
1006 2469 1128 2525 tenebat

294 2583 298 2594 ¹
355 2558 495 2631 Lumina,
511 2569 541 2618 et
554 2560 680 2619 obnixus
693 2578 798 2619 curam
812 2562 868 2619 sub
883 2560 972 2619 eorde
993 2562 1155 2637 premebat.

328 2696 338 2709 .
357 2649 492 2711 Tandem
506 2672 604 2731 pauca
617 2652 708 2711 refert
721 2671 727 2709 :
750 2652 819 2731 Ego
833 2659 873 2724 te,
891 2652 1098 2730 quac‘plurima
1111 2652 1199 2712 fando

356 2744 545 2805 Enumerare
558 2746 651 2816 vales,
667 2764 829 2822 nunquam,
845 2744 961 2823 regina,
976 2746 1094 2823 negabo

356 2836 553 2897 Promeritam
566 2857 574 2908 ;
597 2858 654 2897 nac
668 2856 715 2895 me
728 2838 897 2896 meminisse
913 2838 1024 2917 pigebit
1037 2838 1157 2911 Elissae,
1283 2843 1344 2900 335

356 2928 439 2988 Dum
452 2950 565 2989 memor
575 2930 639 3007 ipse
653 2930 721 3002 mei,
737 2930 806 2989 dum
820 2930 940 3008 spiritus
954 2931 1008 2989 hos
1022 2932 1099 3009 regit
1113 2941 1205 2992 artus.

357 3023 418 3084 Pro
430 3043 464 3082 re
478 3043 576 3102 pauca
590 3025 704 3100 loquar.
746 3024 855 3101 Neque
869 3042 927 3103 ego
942 3025 1019 3083 hanc
1034 3026 1219 3086 abscondere
1233 3027 1311 3087 hirto

358 3118 494 3195 Speravi,
509 3137 548 3175 ne
562 3118 653 3196 finge,
667 3119 767 3196 sugam
782 3137 791 3187 ς
814 3136 870 3177 nec
885 3119 1020 3197 conjugis
1035 3138 1165 3196 unquam

357 3210 508 3270 Praeteudi
521 3211 626 3283 tedas,
642 3221 693 3270 aut
707 3212 772 3271 hac
786 3211 817 3270 in
831 3212 946 3270 soedera
959 3212 1037 3271 veni.
1051 3256 1053 3267 .

330 3310 340 3325 '
358 3304 410 3364 Me
424 3305 450 3363 si
465 3306 526 3364 fata
539 3305 613 3363 meis
627 3314 800 3382 paterentur
813 3306 924 3364 ducere
938 3306 1029 3365 vitam
1285 3310 1345 3367 340

358 3398 520 3475 Auspiciis,
536 3406 566 3457 et
579 3407 683 3475 sponte
697 3396 766 3457 med
779 3417 958 3477 componere
973 3418 1073 3471 curas,

358 3490 471 3550 Urbem
483 3490 646 3567 Trojanam
660 3492 785 3569 primiun
799 3492 961 3568 dulcesque
975 3512 1109 3553 meorum

358 3587 517 3664 Reliquias
530 3588 659 3645 colerem
675 3607 682 3656 ;
706 3587 819 3646 Priami
832 3596 914 3671 tecta
928 3589 988 3646 alta
1001 3596 1156 3647 manerent
1169 3606 1178 3659 ;

357 3680 399 3741 Et
412 3681 545 3740 recidiva
557 3700 647 3739 manu
661 3680 825 3758 posuissem
839 3681 989 3759 Pergama
1001 3680 1097 3740 victis.

359 3773 418 3833 Sed
431 3794 511 3833 nuno
526 3773 644 3833 Italiam
657 3793 796 3851 magnam
812 3774 954 3850 Gryneus
967 3773 1087 3851 Apollo,
1285 3773 1345 3831 345

359 3866 478 3927 Italiam
489 3866 594 3943 Lycias
610 3865 732 3944 jussere
746 3886 906 3945 capessere
920 3876 1026 3927 sortes.

359 3960 422 4023 Hic
436 3979 529 4033 amor,
545 3961 610 4020 haec
624 3962 720 4040 patria
733 3969 788 4020 est.
831 3962 862 4019 Si
876 3970 906 4019 te
921 3960 1117 4039 Carthaginis
1130 3978 1216 4019 arcas

359 4053 558 4127 Phoenissam,
573 4054 758 4132 Libycaeque
772 4055 931 4133 adspectus
945 4054 1055 4113 detinet
1070 4054 1175 4124 urhis;
1251 4082 1255 4089 ·

361 4147 439 4216 Qum
451 4147 582 4218 tandem,
597 4148 733 4207 Ausonii
745 4150 883 4207 Teucros
897 4148 1052 4207 considere
1066 4145 1158 4219 terrai,

360 4238 477 4299 Invidia
490 4240 558 4298 est?
598 4241 639 4299 Et
654 4260 709 4299 nos
723 4241 768 4299 sas
781 4250 886 4299 extera
899 4260 1035 4317 quaerere
1049 4259 1153 4319 regna.
1286 4240 1347 4307 350

359 4332 411 4393 Me
425 4333 519 4413 patris
530 4334 683 4407 Anchisae,
700 4336 817 4411 quoties
830 4335 1019 4394 humentibus
1037 4333 1149 4393 umbris
1233 4321 1236 4329 Δ
1273 4318 1276 4329 ’
