3167 5234
396 560 456 616 222
678 553 706 602 r.
728 553 894 603 vrncrnrr
918 554 1089 604 ursonis

398 690 564 753 Coelestrim
578 692 623 750 vis
635 710 747 769 magns
762 693 857 769 jubet.
900 694 968 753 Rex
981 694 1044 772 ipse
1057 692 1195 764 Latinus,

362 854 366 861 ¹
397 786 438 846 Ni
452 786 524 846 dare
539 786 720 864 conjugium,
736 794 767 845 et
780 787 859 846 dicto
874 806 979 864 perere
994 788 1113 858 fatetur,

398 882 523 953 Sentiat,
539 889 569 939 et
582 880 702 938 tandem
716 878 852 939 Turnum
866 882 1036 958 experiatur
1050 880 1079 938 in
1094 880 1194 938 armis.

436 973 501 1033 Hic
516 974 646 1050 juvenis,
662 979 760 1031 ratem
775 973 912 1045 irridens,
928 974 971 1033 sic
986 992 1055 1031 erse
1069 957 1199 1032 vicissim

398 1065 461 1125 Ore
476 1068 567 1126 refert
582 1086 590 1124 τ
613 1066 739 1126 Classes
752 1066 886 1125 invectas
899 1066 1040 1143 Tybridis
1054 1068 1139 1125 alveo

397 1160 477 1232 Nou,
495 1170 525 1219 ut
539 1180 618 1232 rere,
634 1178 716 1217 meas
730 1159 835 1237 effugit
848 1160 968 1218 nuntius
983 1179 1080 1219 aures.

397 1253 427 1312 N
429 1273 446 1311 e
460 1262 558 1312 tentos
572 1254 642 1312 mihi
656 1253 736 1330 linge
750 1262 868 1311 metus:
890 1272 946 1311 nec
962 1254 1045 1332 regia
1057 1254 1078 1312 J
1080 1273 1138 1312 uno

398 1347 555 1406 Immemor
568 1355 613 1405 est
627 1346 729 1406 nostri.

398 1440 457 1499 Sed
470 1450 501 1499 te
516 1440 595 1499 victa
609 1440 667 1499 situ
682 1440 805 1516 verique
820 1440 923 1499 ell'oete
936 1450 1086 1513 senectus,

397 1534 426 1592 0
440 1544 545 1605 meter,
561 1534 643 1592 curis
656 1533 856 1609 nequidquam
875 1544 1007 1605 exercet,
1023 1543 1052 1592 et
1067 1552 1151 1593 arma

398 1630 518 1708 Regum
532 1630 610 1688 inter
623 1628 699 1687 falsi
712 1637 810 1687 vatem
824 1628 979 1687 formidine
993 1630 1076 1689 ludit.

398 1722 485 1783 Cura
498 1723 565 1793 tibi5
578 1720 676 1780 diutim
690 1721 806 1800 effigies
821 1730 850 1780 et
863 1724 973 1800 templa
987 1724 1064 1781 tueri
1078 1742 1085 1780 τ

397 1814 485 1875 Bella
499 1816 555 1874 viri
569 1834 732 1893 pacemque
746 1822 863 1893 gerent,
882 1816 966 1892 queis
980 1816 1060 1875 bella
1073 1814 1216 1895 gerenda.

437 1910 564 1969 Talibus
577 1910 695 1968 Allecto
710 1909 796 1967 dictis
810 1910 922 1968 exarsit
937 1911 966 1967 in
981 1910 1050 1968 iras.

398 2004 439 2063 At
456 2004 559 2079 juveni
572 2003 667 2061 oranti
682 2001 798 2060 subitus
811 2011 922 2061 tremor
934 2012 1060 2080 occupat
1075 2012 1158 2061 artus
1171 2020 1179 2072 ;

398 2095 561 2175 Diriguere
575 2096 654 2153 oculi
669 2115 676 2152 ι
698 2104 740 2153 tot
754 2096 887 2171 Erinnys
901 2095 999 2153 sibilet
1012 2095 1125 2173 hydris,

399 2188 558 2265 Tantaque
572 2209 606 2247 se
621 2188 714 2247 iacies
729 2188 834 2265 aperit.
876 2188 966 2260 Tum,
982 2189 1119 2247 flammea
1132 2197 1276 2265 torquens

398 2282 537 2354 Lumina,
554 2291 743 2341 cunctantem
758 2287 787 2339 et
803 2291 985 2358 quaerentem
1000 2281 1100 2341 dicere
1115 2283 1201 2360 plura

397 2376 531 2454 Repulit,
547 2384 577 2434 et
591 2376 725 2455 geminos
739 2376 834 2433 erexit
848 2376 979 2433 crinibus
993 2394 1118 2453 angues,
1163 2399 1168 2413 ·

397 2468 597 2547 Verberaquc
611 2469 750 2540 insonuit,
767 2468 931 2545 rabidoque
946 2468 1012 2531 haec
1027 2468 1137 2526 addidit
1151 2486 1222 2527 ore:

398 2562 458 2634 En,
474 2583 532 2641 ego
546 2562 625 2622 victa
638 2562 707 2635 situ,
725 2582 814 2640 quum
826 2560 889 2619 veri
904 2561 1005 2621 ell'oeta
1019 2570 1160 2621 senectus

398 2657 492 2715 Arma
505 2657 582 2714 inter
595 2676 701 2734 regum
714 2653 793 2715 falsi
807 2655 960 2714 formidine
974 2654 1057 2713 ludit.

398 2748 530 2826 Respice
544 2749 582 2807 nd
596 2750 682 2807 lraec:
706 2748 811 2807 adsum
825 2747 954 2807 dirarum
969 2750 1005 2806 ab
1020 2748 1091 2807 sede
1105 2767 1240 2807 sororum
1253 2766 1261 2818 ;

396 2842 484 2901 Bella
495 2861 585 2900 manu
599 2842 748 2918 letumque
769 2862 852 2919 gero.
1323 2840 1383 2898 455

399 2934 449 2992 Sic
463 2935 554 2993 effata
567 2934 662 2993 secem
680 2934 783 3010 juveni
798 2935 936 3011 conjecit,
953 2943 982 2994 et
997 2942 1060 2994 stro

398 3026 524 3087 Lumine
539 3027 686 3085 fumantes
700 3027 762 3086 lixit
776 3031 832 3086 sub
847 3036 967 3105 pectore
981 3028 1085 3087 taedas.

438 3119 499 3178 Olli
512 3140 645 3179 somnum
660 3121 765 3199 ingens
779 3122 887 3199 rumpit
902 3142 1003 3199 pavor,
1021 3141 1149 3200 ossaque
1164 3128 1194 3181 et
1208 3128 1292 3180 artus

398 3213 553 3273 Perfundit
566 3223 628 3272 toto
642 3224 801 3292 proruptus
816 3234 940 3292 corpore
956 3215 1055 3274 sudor.

399 3310 493 3367 Arme
504 3326 606 3366 amens
620 3308 716 3365 fremit
733 3327 740 3377 ;
766 3327 847 3366 arma
862 3319 927 3366 toro
940 3310 1088 3385 tectisque
1102 3306 1236 3386 requirit.
1325 3308 1386 3365 460

399 3405 490 3463 Stevit
504 3423 587 3461 emor
600 3403 683 3475 ferri,
700 3412 729 3461 et
743 3404 891 3462 scelerate
907 3404 1023 3463 insania
1037 3404 1117 3476 belli,

400 3496 450 3556 lre
463 3496 562 3575 super.
605 3496 719 3575 Magno
734 3494 826 3555 veluti
841 3516 930 3573 quum
944 3496 1063 3555 flamma
1081 3515 1189 3556 sonore

397 3589 513 3668 Virgea
526 3589 699 3667 suggeritur
713 3590 804 3647 costis
820 3589 957 3648 undantis
972 3591 1070 3662 alieni,

397 3684 617 3759 Exsultantque
632 3691 707 3741 testu
721 3682 827 3741 latices
843 3702 851 3753 3
875 3683 944 3742 surit
959 3684 1037 3742 intus
1052 3688 1144 3761 aquai·

396 3772 541 3835 Fumidus
556 3784 646 3854 atque
661 3776 719 3833 alte
734 3776 846 3853 spumis
860 3777 1004 3834 exuberat
1017 3777 1134 3845 smnis;
1327 3774 1388 3834 465

397 3870 464 3929 Nec
478 3872 541 3946 jem
554 3890 587 3928 se
602 3872 682 3948 capit
697 3870 777 3929 unda
792 3890 800 3939 ;
825 3869 904 3929 volat
917 3890 1010 3949 vapor
1024 3880 1089 3929 uter
1103 3870 1139 3928 ad
1154 3886 1256 3932 auras.

396 3962 481 4041 Ergo
496 3965 553 4021 iter
566 3963 602 4021 ad
617 3983 730 4043 regem,
747 3962 860 4041 polluti
874 3982 960 4041 pecc,
975 3964 1117 4023 Latinum

398 4055 505 4114 Indicit
519 4057 620 4133 primis
636 4057 790 4132 juvenum,
808 4064 836 4115 et
853 4056 938 4132 jubet
953 4077 1035 4115 arma
1051 4057 1161 4135 pareri,

397 4147 504 4206 Tuteri
519 4148 646 4221 Italiam,
662 4150 821 4208 detrudere
837 4151 945 4209 linibus
959 4151 1073 4209 hostem
1088 4171 1096 4221 ;

399 4240 438 4299 Sc
452 4238 525 4299 satis
539 4243 683 4301 ambobus
695 4244 885 4320 Teucrisque
900 4245 1002 4303 venire
1017 4245 1205 4321 Latinisque.
1325 4244 1387 4302 4¹10

399 4332 479 4394 Herc
493 4335 543 4394 ubi
556 4336 637 4394 dicte
654 4336 745 4409 dedit,
762 4338 905 4416 divosque
919 4339 949 4397 in
963 4346 1032 4399 vota
1045 4339 1163 4398 vocavit
1177 4358 1184 4396 ε
