3167 5234
347 546 402 605 14⁰
632 535 661 583 r.
680 534 847 584 vinorum
869 534 1043 585 nasonis

670 957 1004 1033 mnu1uos

709 1164 874 1226 LIBER
899 1165 962 1225 IV.

713 1364 946 1379 u—

346 1514 524 1594 Arragina,
540 1514 625 1594 gravi
640 1514 704 1592 jam
722 1514 833 1575 dudum
847 1513 952 1575 saucia
965 1511 1050 1587 curi,

346 1608 466 1668 Vulnus
479 1610 530 1668 alit
545 1610 639 1682 venis,
656 1622 686 1669 et
700 1630 783 1670 caeco
798 1610 930 1689 carpitur
944 1610 1014 1689 igni.

345 1702 443 1761 Multa
457 1704 512 1762 viri
525 1704 621 1763 virtus
635 1705 743 1776 animo,
759 1704 929 1781 multusque
946 1706 1083 1762 recursat

345 1796 454 1855 Gentis
467 1797 584 1866 bonos;
607 1797 721 1856 baerent
735 1798 817 1857 infixi
834 1805 956 1875 pectore
972 1795 1080 1867 vultus,

346 1888 509 1968 Verbaque
525 1910 533 1962 ;
557 1911 614 1949 nec
628 1892 775 1969 placidam
789 1891 929 1950 membris
943 1890 993 1948 dat
1008 1908 1082 1948 cura
1097 1886 1236 1965 quietam.
1309 1888 1330 1947 ὅ

344 1982 473 2043 Postera
485 1983 622 2043 Phoebei
637 1985 783 2043 lustrabat
802 1984 939 2062 lampade
952 1993 1061 2055 terras,

345 2074 589 2156 Humentemque
603 2079 721 2137 Aurora
736 2078 803 2157 polo
817 2078 979 2137 dimoverat
995 2078 1128 2135 umbram
1140 2093 1149 2145 ;

349 2169 450 2239 Quum
464 2172 509 2231 sic
522 2171 693 2230 unanimam
707 2172 866 2248 alloquitur
879 2170 955 2230 male
970 2189 1045 2229 sana
1059 2186 1211 2227 sororem:

384 2266 475 2324 Anna
487 2285 582 2336 soror,
600 2285 667 2342 quar
681 2284 728 2323 me
742 2284 918 2342 suspensam
932 2264 1077 2322 insomnia
1090 2268 1202 2322 terrent
1217 2264 1224 2321 l

347 2357 425 2427 Quis
438 2378 533 2417 novus
547 2358 597 2417 hic
610 2357 719 2417 nostris
733 2358 880 2417 suecessit
894 2357 1015 2415 sedibus
1028 2357 1136 2434 hospes
1153 2358 1159 2413 l
1294 2358 1331 2416 10

347 2450 447 2519 Quem
460 2470 528 2511 sese
542 2471 594 2511 ore
607 2452 708 2511 ferens
723 2455 730 2510 l
753 2451 844 2528 quam
858 2451 926 2509 sorti
940 2458 1072 2529 pectore,
1087 2456 1117 2508 et
1132 2449 1241 2509 armis!

346 2542 447 2603 Credo
460 2545 608 2622 equidem,
624 2565 682 2605 nec
695 2564 772 2603 vana
786 2544 871 2621 fides,
886 2562 983 2625 genus
998 2564 1064 2602 esse
1079 2544 1210 2603 deorum.

345 2635 523 2715 Degeneres
537 2639 652 2697 animos
665 2638 753 2697 timor
765 2638 873 2717 arguit.
916 2636 988 2695 Heu
1001 2640 1008 2695 l
1031 2637 1138 2713 quibus
1150 2636 1209 2715 illo

343 2727 483 2807 lactatus
497 2730 565 2788 fatis
580 2734 587 2788 !
611 2750 678 2807 quse
692 2732 772 2789 bella
784 2731 931 2789 exhausta
944 2732 1093 2789 canebat!

346 2822 378 2881 si
391 2823 462 2881 mibi
475 2843 534 2881 nou
549 2824 646 2882 animo
661 2824 751 2881 fixum
764 2823 974 2901 immotumque
988 2824 1117 2896 sederet,
1293 2824 1330 2883 15

345 2916 394 2975 Ne
409 2916 456 2974 cui
472 2936 518 2975 me
532 2916 630 2975 vinclo
644 2917 752 2976 vellem
772 2918 889 2977 sociare
905 2917 1013 2995 jugali,

345 3008 509 3086 Postquam
522 3010 632 3087 primus
647 3030 730 3069 amor
744 3009 899 3088 deceptam
913 3022 1007 3070 morte
1021 3010 1124 3069 fefellit
1140 3029 1149 3082 ;

347 3102 378 3162 Si
398 3122 457 3161 non
472 3112 631 3180 pertaesum
645 3090 767 3162 thalami
780 3103 926 3180 tsedaeque
941 3104 1045 3163 fuisset
1061 3124 1070 3175 3

345 3194 429 3255 Huic
444 3196 495 3254 uni
509 3196 610 3255 forsan
624 3198 706 3273 potui
719 3198 916 3257 succumbere
931 3200 1035 3275 culpae.

344 3290 444 3359 Anna,
461 3290 578 3348 fatebor
591 3294 681 3363 enim,
697 3290 797 3349 miseri
812 3299 876 3368 post
891 3292 953 3350 sata
967 3291 1086 3369 Sychaei
1289 3292 1330 3349 20

346 3382 502 3462 Conjugis,
519 3392 549 3441 et
563 3404 684 3461 sparsos
697 3384 830 3443 fraterni
843 3384 926 3443 caede
940 3385 1081 3458 Penates,

346 3477 433 3535 Solus
446 3476 495 3535 bic
508 3477 620 3535 inflexit
634 3496 750 3549 sensus,
767 3478 955 3555 animumque
969 3478 1120 3537 labantem

345 3568 473 3647 Impulit.
514 3571 658 3649 Agnosco
672 3570 782 3629 veteris
796 3571 924 3649 vestigia
936 3572 1071 3632 flammea.

345 3663 404 3722 Sed
417 3663 489 3722 mibi
501 3664 549 3722 vel
563 3663 652 3721 tellus
665 3672 763 3741 optem
777 3662 859 3741 priris
873 3664 932 3723 ima
945 3665 1091 3738 dehiscat,

343 3755 401 3815 Vel
418 3757 510 3815 Pater
523 3757 708 3835 omnipotens
722 3756 824 3836 adigat
838 3776 884 3816 me
899 3758 1018 3817 fulmine
1034 3758 1071 3816 ad
1086 3760 1217 3832 umbras,
1288 3762 1328 3818 25

343 3848 496 3909 Pallentes
510 3852 630 3909 umbras
648 3850 752 3923 Erebi,
768 3860 946 3929 noctemque
961 3852 1148 3929 profundam,

343 3943 435 4016 Ante,
450 3943 562 4016 Pudor,
580 3942 668 4020 quim
682 3953 712 4003 te
727 3945 814 4018 violo,
832 3954 883 4004 aut
897 3954 948 4003 tua
964 3945 1034 4021 jura
1047 3946 1174 4005 resolvo.

345 4034 400 4093 llle
414 4056 507 4108 meos,
522 4037 633 4113 primus
647 4038 698 4114 qui
711 4057 758 4095 ma
772 4038 830 4096 sibi
844 4038 951 4113 junxit,
969 4057 1086 4097 amores

344 4131 475 4189 Abstulit
489 4150 497 4201 ς
522 4132 570 4189 ille
584 4133 694 4191 babeat
707 4152 821 4205 secum,
838 4140 996 4210 servetque
1012 4134 1160 4211 sepulcro.

346 4224 396 4283 Sic
409 4225 508 4296 effata,
523 4225 619 4283 sinum
633 4226 774 4301 lacrymis
788 4227 917 4303 implevit
931 4226 1052 4285 obortis.
1288 4226 1328 4283 ³0

383 4318 472 4376 Anna
487 4317 578 4376 refert
593 4336 600 4375 :
624 4316 653 4376 Ο
665 4319 734 4377 luce
748 4318 844 4397 magis
858 4320 968 4379 dilecta
982 4318 1088 4392 sorori,
