3167 5234
383 557 443 616 320
671 550 698 597 P.
722 549 890 598 vluelntt
917 547 1090 596 MAROMS

384 691 495 750 Oblato
509 689 643 768 gaudens
657 689 794 767 componi
808 689 922 748 sundere
936 663 1056 746 belluni.

384 784 463 843 Tum
478 784 576 842 socios
590 783 748 858 moestique
762 790 872 841 metum
886 782 1001 842 solatur
1013 780 1083 850 Iuli,
1319 783 1376 840 110

383 875 463 938 Fata
476 877 587 936 docens
601 896 609 946 ;
633 876 758 954 regique
769 877 855 952 jubet
869 893 1014 953 responsa
1026 872 1136 933 Latino

386 967 480 1032 Certa
494 971 607 1029 referre
623 969 711 1041 viros,
728 978 757 1028 et
772 969 856 1046 pacis
870 968 971 1027 dicere
985 967 1079 1045 leges.

423 1063 551 1124 Postera
566 1063 614 1122 rix
628 1082 758 1122 summos
772 1063 933 1140 spargebat
947 1060 1057 1120 lumine
1070 1066 1186 1118 montes

384 1158 462 1217 Orta
475 1156 550 1229 dies,
567 1175 657 1234 quum
670 1155 797 1234 primitur
811 1157 872 1214 alto
885 1174 920 1214 sa
936 1153 1056 1232 gurgite
1069 1154 1175 1212 tollunt

386 1253 464 1311 Solis
478 1251 557 1328 equi,
574 1251 732 1326 lucemque
745 1249 833 1307 elatis
846 1249 970 1307 naribus
983 1248 1104 1306 efflant:
1316 1247 1374 1305 116

386 1343 534 1422 Campum
549 1342 586 1402 ad
599 1351 761 1413 certamen,
777 1361 894 1420 magna
908 1343 964 1400 sub
978 1342 1126 1400 moenibua
1139 1340 1232 1411 urbis,

384 1436 522 1496 Dimensi
536 1436 702 1514 Rutulique
717 1436 772 1494 viri
784 1435 959 1511 Teucrique
973 1435 1120 1513 parabant
1135 1453 1144 1504 ς

386 1528 420 1590 In
435 1531 591 1607 medioque
606 1529 698 1600 focos,
715 1537 744 1588 et
758 1528 806 1588 dis
819 1529 1025 1588 communibus
1038 1547 1108 1586 oras

385 1623 574 1684 Gramineus.
614 1623 676 1682 Alii
690 1623 860 1700 fontemque
875 1623 1034 1700 ignemque
1049 1622 1194 1694 serebant,

385 1714 486 1774 Veleti
501 1717 580 1788 limo,
597 1724 627 1774 et
642 1714 775 1775 serbenti
787 1724 923 1793 tempora
937 1716 1038 1774 vincti.
1320 1717 1375 1776 120

385 1809 525 1868 Procedit
539 1810 619 1888 legio
633 1809 831 1880 Ausonidum,
848 1809 999 1886 pilataque
1015 1807 1111 1885 planis

386 1902 515 1981 Agmina
529 1921 561 1960 se
575 1901 700 1962 fundunt
715 1902 816 1980 portis.
859 1901 942 1960 Hinc
955 1902 1069 1960 Troius
1080 1903 1186 1974 omnis,

385 1995 623 2073 Tyrrhenusque
636 1995 695 2052 ruit
710 1995 800 2054 variis
814 1995 964 2052 exercitus
978 1995 1089 2053 armis:

387 2088 480 2148 Haud
495 2109 584 2148 secus
597 2088 733 2148 instructi
748 2089 839 2160 ferro,
857 2089 946 2164 qudm
960 2088 986 2146 ai
1000 2107 1107 2166 aspera
1120 2089 1229 2150 Martis

386 2181 494 2260 Pugna
508 2190 604 2242 vocet.
646 2181 785 2240 Necnon
800 2181 951 2240 mediisin
965 2183 1095 2240 millibus
1107 2182 1164 2260 ipsi
1319 2185 1375 2244 125

386 2274 539 2335 Ductores
554 2295 628 2335 auro
642 2275 763 2334 volitant
777 2283 920 2359 ostroque
934 2276 1047 2347 decori,

386 2369 427 2430 Et
441 2389 537 2448 genus
550 2370 696 2428 Assaraci
709 2369 897 2440 Mnestheus,
914 2379 943 2428 et
956 2370 1040 2428 sortis
1052 2371 1175 2444 Asylas,

387 2463 428 2524 Et
442 2464 603 2541 Messapus
616 2463 726 2540 equium
740 2463 876 2534 domitor,
893 2463 1046 2540 Neptunia
1059 2465 1167 2541 proles.

387 2556 498 2633 thue,
515 2556 584 2616 dato
597 2557 694 2635 signo,
710 2558 807 2635 spatia
820 2557 850 2615 in
864 2575 920 2616 sua
934 2557 1060 2634 quisque
1079 2557 1213 2630 recessit,

387 2649 533 2728 Defigunt
546 2651 653 2709 tellure
667 2651 780 2722 hastas,
797 2658 827 2707 et
841 2659 929 2708 scuta
943 2651 1100 2710 reclinant.
1322 2653 1377 2712 tw

387 2744 466 2804 Tum
480 2745 577 2804 studio
591 2745 694 2804 offusa
709 2754 830 2817 matres,
847 2754 877 2803 et
890 2746 999 2823 uulgus
1012 2747 1166 2818 inermum,

389 2837 575 2915 Invalidiquo
589 2857 688 2909 senes,
703 2845 802 2896 turres
815 2847 845 2896 et
859 2847 941 2898 tecta
954 2840 1109 2898 domorum

388 2929 543 2991 Obseddre
557 2951 564 2987 ι
587 2931 638 2990 alii
652 2933 744 3010 portis
758 2933 933 2992 sublimibus
947 2934 1074 2993 adstant.

429 3023 470 3081 Ar
483 3023 574 3095 Juno,
591 3043 607 3082 e
623 3043 746 3094 summo,
762 3025 812 3100 qui
826 3045 905 3084 nuno
920 3027 1057 3085 Albanus
1070 3027 1207 3098 babetur,

391 3111 481 3192 (Tum
496 3135 594 3192 neque
609 3135 716 3174 nornen
731 3125 806 3188 crat,
820 3137 877 3176 neo
891 3118 996 3190 bonos,
1011 3128 1063 3177 aut
1076 3119 1172 3197 gloria
1181 3119 1300 3198 monti)
1319 3121 1376 3179 185

387 3207 578 3286 Prospiciens
591 3209 714 3280 tumulo,
731 3229 867 3286 campum
881 3211 1085 3288 adspectabat,
1100 3221 1130 3270 et
1145 3213 1248 3272 ambas

389 3300 574 3362 Laurentium
587 3303 760 3379 Troumque
776 3303 869 3375 acies,
878 3307 1049 3382 urbemque
1065 3305 1177 3366 Latini.

387 3395 546 3473 Extemplo
559 3395 656 3454 Turni
669 3395 714 3454 sio
727 3404 773 3454 est
788 3397 880 3455 affata
893 3417 1036 3471 sororem,

387 3488 468 3548 Diva
481 3487 577 3560 deam,
594 3489 708 3568 stagnis
723 3509 789 3566 quae
805 3490 1034 3568 fluminibusque
1049 3481 1166 3552 sonoiia

388 3580 534 3640 Presidct
548 3601 556 3651 3
580 3583 659 3640 bunc
675 3583 716 3640 illi
730 3601 781 3641 rex
796 3584 917 3642 aetheria
931 3586 1010 3644 altus
1023 3585 1166 3646 bonorem
1322 3587 1378 3647 140

387 3674 506 3752 Jupiter
520 3673 625 3752 erepti
639 3695 691 3754 pro
705 3677 875 3754 virginitate
889 3678 1040 3737 sacrauit:

386 3768 537 3846 Nympha,
554 3767 647 3828 decus
660 3769 828 3842 fluviorum,
844 3771 942 3828 tnimo
955 3772 1127 3849 gratissima
1139 3779 1251 3846 nostro,

389 3862 465 3935 Scis,
482 3872 515 3922 ut
528 3872 558 3921 te
573 3865 689 3923 cunctis
704 3883 803 3936 unam,
821 3884 1018 3942 quacumque
1035 3865 1153 3925 Latinas

387 3955 573 4035 Magnanimi
585 3957 671 4016 Jovis
685 3958 833 4036 ingratum
847 3959 1012 4020 ascendere
1026 3961 1136 4032 cubile,

387 4049 584 4124 Praetulerim,
600 4053 729 4132 ooelique
744 4055 850 4115 lubens
864 4056 893 4114 in
908 4065 992 4133 parte
1006 4054 1138 4116 loedrim.
1322 4056 1376 4116 145

387 4142 482 4202 Disce
496 4153 588 4218 tuum,
605 4166 642 4204 no
656 4166 703 4206 mo
719 4148 848 4220 incusas,
864 4148 1004 4221 Juturna,
1020 4149 1161 4209 dolorem.

388 4235 461 4304 Qut
473 4237 539 4296 visa
552 4247 597 4298 est
611 4241 729 4300 senuna
743 4242 814 4318 pati,
831 4241 997 4320 Parcaeque
1011 4242 1149 4303 sinebant

390 4328 508 4391 Cedere
523 4351 572 4391 res
585 4328 685 4406 Latio,
700 4335 837 4396 Turnum
850 4344 881 4395 et
893 4346 947 4396 tua
960 4336 1070 4397 mmnia
1081 4336 1163 4396 texi:
