3167 5234
373 548 433 605 ως
670 540 697 588 Ρ.
711 540 876 589 vinctim
895 541 1065 589 HARONIS

374 682 575 756 Serranoque,
591 677 760 755 llumdque.
803 678 914 759 lugens
927 698 1094 741 concursus
1107 677 1145 737 ad
1159 679 1226 757 ipsa

371 772 521 851 Corpora,
537 772 762 847 seminecesque
776 772 867 844 virus,
883 772 1043 850 tepidique
1056 781 1208 831 recentem
1298 772 1359 833 ddd

373 864 468 926 Caede
481 866 590 936 lecum,
606 874 635 922 et
650 864 753 941 planos
766 866 914 941 spumanti
928 866 1076 943 sauguine
1090 866 1179 926 rim

371 961 548 1039 Agnoscunt
561 959 657 1035 spolia
669 959 748 1017 inter
761 976 805 1030 se,
822 960 999 1037 galeamque
1016 959 1161 1017 uitatem

371 1052 515 1130 Messapi,
525 1059 562 1112 ‚et
575 1052 666 1109 multe
680 1050 819 1128 pbulcras
833 1051 942 1111 sudare
956 1060 1104 1129 receptas.

410 1146 451 1203 Et
459 1145 522 1220 jam
536 1145 630 1222 prima
642 1162 720 1201 nevo
734 1146 896 1223 spargebat
910 1144 1019 1203 lumine
1033 1153 1131 1203 terrea

368 1240 492 1298 Tithoni
505 1256 645 1297 croceum
659 1238 797 1313 linquens
810 1240 931 1297 Aurora
943 1238 1041 1296 cubile
1056 1257 1064 1307 ;
1294 1240 1356 1299 60

369 1332 440 1392 Jam
453 1333 516 1391 sole
532 1333 639 1403 infusa,
650 1332 714 1408 jam
727 1333 818 1389 rebus
831 1332 899 1391 lues
913 1332 1045 1403 retectis,

369 1424 492 1484 Turnus
505 1426 535 1483 iu
550 1444 634 1483 arma
647 1425 738 1496 viras,
754 1424 845 1483 armis
860 1424 1061 1483 circumdatus
1074 1424 1149 1503 ipse,

371 1519 512 1589 Suscitat,
529 1527 698 1594 aeratasque
712 1518 796 1575 acics
810 1518 838 1575 in
855 1516 961 1595 proelia
973 1518 1077 1595 cegit3

371 1611 509 1688 Quisque
522 1630 603 1683 sues,
620 1611 770 1687 variisque
785 1618 897 1669 acuunt
911 1611 1079 1669 rumoribus
1093 1610 1162 1669 iras.

368 1704 451 1773 Quin
466 1706 530 1783 ipsa
543 1705 679 1776 arrectis,
697 1702 776 1780 (visu
791 1704 961 1763 miserabile
975 1706 997 1783 l)
1012 1704 1042 1762 iu
1055 1704 1148 1763 bustis
1295 1706 1354 1765 466

369 1797 533 1876 Prrefiguut
546 1798 655 1875 capita,
672 1806 702 1855 et
715 1798 808 1856 multo
821 1797 951 1857 clamere
965 1806 1141 1874 sequuntur,

369 1891 497 1969 Euryali
512 1898 542 1949 et
556 1890 632 1950 Nisi.
1086 1956 1093 1969 ¹

368 1984 519 2043 AEncadva
532 1983 600 2041 duri
612 2002 763 2041 murorum
776 1982 807 2041 iu
822 1991 905 2061 parte
920 1982 1041 2043 sinistri

368 2078 544 2157 opposuere
558 2080 663 2151 aciem,
680 2079 762 2157 (uam
774 2078 900 2138 dextera
912 2080 1043 2158 cingitur
1054 2079 1162 2159 anui)

369 2170 571 2251 lugentesque
584 2181 687 2231 tenent
699 2172 807 2244 bessa,
823 2180 853 2231 et
866 2174 998 2232 turribus
1012 2173 1080 2232 altis
1294 2174 1352 2233 4¹1⁰

369 2266 453 2324 Stant
467 2266 565 2325 measti
578 2285 585 2323 ε
607 2266 763 2324 simulcra
777 2264 872 2324 sinim
885 2267 1007 2344 prefixa
1025 2266 1193 2341 movebant,

367 2358 450 2417 Nota
462 2359 550 2417 nimis
563 2360 689 2430 miseris,
705 2368 831 2436 atroque
843 2359 967 2418 fluentia
980 2362 1059 2419 tabe.

367 2451 489 2510 lutarea
503 2452 639 2529 pavidam
654 2452 781 2509 volitans
796 2460 924 2529 penum
938 2472 991 2529 par
1005 2456 1109 2511 urbem

367 2543 481 2603 Nuntia
494 2544 590 2601 Farira
602 2544 671 2615 ruit,
687 2543 850 2621 matrisque
865 2544 1014 2603 adlabitur
1027 2564 1118 2605 aures

366 2636 503 2713 Euryali.
544 2638 585 2696 At
598 2638 713 2696 subitus
726 2638 843 2695 miserae
856 2638 938 2697 calor
951 2658 1021 2697 essa
1034 2638 1153 2716 reliquit
1168 2657 1177 2709 3
1294 2640 1353 2699 did

366 2729 497 2788 Excussi
510 2730 646 2787 manibus
660 2730 746 2801 radii,
761 2732 957 2808 revolutaque
972 2750 1072 2809 pensa.

366 2822 475 2881 Evolat
489 2822 600 2896 infelix,
615 2831 656 2894 st,
672 2823 812 2881 feminee
827 2824 951 2895 ululatu,

368 2912 469 2973 Scissa
483 2935 608 2987 comam,
623 2934 723 2973 muros
737 2934 840 2973 amens
855 2926 944 2993 atque
963 2917 1083 2994 agmina
1095 2936 1186 2977 cursu

366 3007 467 3066 Prima
481 3009 551 3086 petit
566 3028 573 3065 ε
595 3028 654 3066 nan
667 3009 719 3066 illa
734 3005 840 3080 vistim,
856 3028 914 3068 uon
929 3010 979 3068 illa
993 3011 1106 3088 pericli,

367 3100 569 3176 Telorumque
582 3118 715 3171 maman
739 3103 849 3160 coelum
863 3102 970 3161 dehinc
985 3106 1137 3179 questibus
1151 3104 1274 3182 implet:
1291 3106 1352 3167 460

366 3188 460 3251 Hunc
474 3212 532 3270 ego
546 3201 586 3264 le,
601 3192 748 3270 Euryale,
763 3194 897 3271 adspicio
914 3196 925 3251 ?
946 3205 1028 3267 tune,
1044 3196 1096 3254 illa
1109 3206 1240 3259 senecta

367 3287 442 3343 Sera
456 3304 529 3344 meaa
542 3286 673 3362 requies,
690 3287 810 3365 potuisti
824 3288 959 3365 linquere
975 3290 1078 3362 aelam,

366 3376 507 3437 Crudelis
521 3377 532 3434 ?
553 3396 610 3437 nec
623 3387 664 3451 ta,
679 3382 735 3437 sub
748 3388 834 3437 tauta
848 3381 982 3458 pericula
995 3383 1126 3455 missum,

367 3472 463 3530 Affari
477 3469 639 3529 extramiim
653 3472 770 3532 misarae
784 3474 854 3531 deta
868 3476 955 3553 eopia
970 3477 1056 3535 matri
1073 3477 1084 3533 i

364 3562 436 3624 Heu
451 3567 458 3623 !
480 3563 561 3624 terrd
576 3563 687 3642 ignote,
702 3566 829 3625 canibus
843 3567 911 3636 data
926 3569 1027 3645 praeda
1040 3569 1157 3630 Latinis
1292 3574 1350 3633 485

363 3661 562 3737 Alitibusqus,
576 3658 663 3735 jaces
679 3662 686 3716 !
708 3678 764 3717 nec
778 3668 819 3731 te,
835 3669 888 3719 tua
901 3660 1017 3734 funera,
1032 3672 1129 3723 mater
1287 3654 1299 3663 ’

363 3752 505 3824 Produxi,
522 3754 654 3831 pressive
668 3754 782 3825 ocules,
799 3761 848 3811 aut
864 3756 988 3814 vulnere
1003 3757 1072 3827 lavi,

362 3846 457 3905 Veste
471 3856 576 3925 tegens
590 3865 598 3915 ;
619 3847 673 3905 tibi
687 3867 776 3923 quam
789 3857 894 3907 noctes
908 3848 1015 3908 sestius
1028 3849 1153 3928 diesque

362 3939 526 4018 Urgebam,
541 3939 748 3999 attalicum
761 3942 884 3999 solabar
896 3943 992 4001 aniles
1007 3946 1014 4001 i

362 4032 433 4099 Qua
448 4052 567 4108 sequar,
585 4041 636 4090 aut
651 4053 717 4108 quaa
730 4054 810 4093 nunc
826 4043 918 4106 anus,
933 4037 1097 4113 avulsaque
1113 4037 1259 4112 membru,
1290 4040 1347 4099 tuo

362 4122 403 4183 Et
417 4124 504 4182 funus
517 4124 661 4195 lacerum,
675 4126 765 4185 tellus
778 4128 869 4186 babet
885 4128 896 4183 i
930 4128 1001 4189 Hac
1016 4130 1086 4189 mibi
1099 4129 1138 4190 da
1151 4139 1193 4204 ta,

362 4216 392 4275 N
394 4223 453 4287 ate,
470 4216 565 4273 resera
581 4217 592 4273 i
613 4217 670 4276 hoc
683 4238 749 4277 sum
761 4220 903 4296 terraique
917 4223 1053 4299 merique
1067 4232 1172 4282 muta
1188 4224 1199 4282 ἓ

361 4309 462 4387 Figite
476 4328 533 4380 me,
549 4310 575 4367 si
589 4330 649 4386 qua
661 4321 706 4369 ast
720 4312 815 4388 pietas
830 4332 837 4382 ;
861 4314 891 4371 iu
905 4333 951 4372 me
966 4316 1065 4375 omnia
1077 4317 1140 4376 tela
