3167 5234
550 562 726 614 muninus
749 564 819 613 uro.
834 563 912 613 vm.
1114 632 1118 648 1
1151 572 1209 634 ts!

227 704 270 765 Et
282 704 387 783 generi
399 702 461 761 fsto
473 702 637 782 indulgent,
654 721 742 781 quem
754 706 875 764 nurnine
888 713 1023 783 poscunt,

228 798 403 877 Ingredere,
419 795 602 855 oTeueriuu
615 806 706 874 etque
721 797 829 856 ltulrim
843 799 1000 857 fortissime
1013 798 1127 859 duntur.

227 890 320 951 Hune
332 891 386 949 tibi
400 898 555 967 pretereo,
571 910 641 967 spes
654 902 684 949 et
696 892 803 949 solutio
816 892 919 963 nostri,

225 981 365 1043 Pullsnts
377 984 545 1062 sdjungsm.
589 986 651 1042 Sub
664 992 696 1043 te
707 986 838 1045 tolerare
852 986 994 1064 magistro
1149 988 1209 1046 515

225 1075 362 1135 Militiam
376 1084 406 1134 et
418 1092 511 1155 grove
525 1074 637 1135 Mortis
650 1096 734 1155 opus,
749 1086 803 1137 luo
819 1096 944 1137 eernere
958 1078 1038 1137 lueto

225 1170 400 1240 sanescat,
416 1170 517 1247 primis
530 1178 561 1227 et
572 1177 603 1227 te
616 1170 740 1229 miretur
752 1173 791 1229 eb
810 1172 904 1231 unuin.

223 1263 362 1322 Aleedss
374 1264 444 1321 bulo
456 1265 572 1339 equites
585 1265 632 1323 bis
645 1274 774 1336 eentum,
789 1268 899 1350 robore
913 1266 999 1344 pubis

224 1356 331 1427 Lente,
347 1356 425 1415 dubo
438 1375 445 1425 ;
468 1356 649 1433 totidemque
664 1377 718 1416 sue
731 1358 785 1416 tibi
802 1359 920 1417 nomine
937 1359 1047 1419 Pullus.

260 1450 324 1507 Vix
336 1470 374 1508 eu
387 1451 465 1508 sulus
475 1458 550 1520 eret,
566 1450 715 1527 defixique
726 1470 782 1509 ore
794 1454 937 1511 tenebant
1061 1438 1064 1447 ’
1148 1456 1208 1514 dm

223 1544 343 1603 AEnees
355 1543 552 1601 Anubisisdes
565 1550 596 1600 et
610 1542 686 1601 fidus
699 1544 844 1615 Aobstes,

223 1636 378 1711 Multoque
392 1635 467 1693 duro
481 1654 536 1693 suo
549 1635 626 1693 tristi
638 1654 707 1693 eum
719 1637 811 1707 eorde
826 1639 969 1714 putebant
982 1656 990 1708 ;

223 1730 264 1789 Ni
277 1731 395 1807 siguum
407 1730 486 1787 ooelo
500 1728 653 1805 Gylbereu
665 1729 796 1787 dedisset
810 1740 924 1807 operto.

222 1823 252 1882 N
253 1841 361 1901 umque
374 1822 532 1900 improvisb
547 1822 679 1881 vibratus
693 1823 731 1879 ob
744 1822 856 1881 mthero
871 1823 970 1903 fulgor

221 1914 302 1976 Cum
314 1916 411 1974 souitu
425 1916 515 1986 venit,
531 1922 562 1973 et
574 1934 662 1973 ruere
677 1916 775 1973 omnis
789 1916 853 1974 vise
867 1917 1000 1995 ruperitl,
1144 1920 1205 1978 526

221 2006 455 2087 Tyrrhenusque
468 2010 548 2066 tubae
562 2009 676 2086 mugire
690 2026 745 2085 por
758 2009 870 2067 mtbere
883 2010 1015 2089 clangor.

221 2103 390 2180 Suspioiunt
403 2120 411 2159 t
433 2102 541 2160 iterum
554 2109 643 2177 utque
657 2102 764 2159 iterum
777 2101 880 2185 l'rngqr
893 2104 1026 2183 increpet
1039 2104 1155 2185 ingens.

220 2195 315 2255 Arme
328 2197 406 2255 iuter
417 2196 536 2267 nubem,
550 2195 620 2255 omli
633 2196 664 2252 in
676 2196 799 2274 regione
814 2194 932 2268 serensi,

219 2288 280 2347 Per
292 2289 398 2347 sudum
410 2288 533 2347 rutilare
546 2282 656 2359 vident,
672 2295 702 2346 et
717 2288 800 2365 pulsu
812 2296 927 2351 tooure.

219 2380 410 2461 Obstupuere
423 2382 529 2440 animis
543 2381 616 2449 nlii3
640 2381 693 2439 sed
706 2381 819 2439 'liuius
833 2383 922 2441 beros
1144 2384 1203 2443 680

219 2474 350 2552 Agnovit
363 2475 499 2544 sonitum,
515 2482 544 2531 et
556 2473 631 2532 divo
646 2474 791 2550 promisso
805 2474 945 2551 potentis.

219 2566 298 2625 Tum
310 2576 472 2625 memoret:
495 2566 543 2625 Ne
557 2566 640 2637 verb,
656 2567 775 2644 hospes,
791 2586 830 2624 ne
845 2586 945 2643 quoere
961 2566 1093 2645 profoelb

220 2660 318 2727 Quem
333 2678 437 2719 cesum
450 2666 586 2737 portento
599 2660 695 2717 serunt
710 2678 717 2716 :
740 2678 798 2737 ego
812 2656 919 2737 poso'or
932 2660 1069 2740 Olympo.

219 2752 290 2810 Hoc
303 2752 421 2831 signum
433 2752 542 2810 oeoiuit
555 2753 711 2810 missurum
725 2751 793 2810 dive
806 2753 945 2825 orentrix,

220 2846 251 2904 si
263 2846 374 2903 bellum
388 2846 540 2923 ingrueret
553 2863 561 2914 ;
585 2844 793 2922 Vuloonisque
809 2864 892 2903 ormo
906 2864 959 2925 per
973 2866 1063 2906 eurus
1142 2850 1201 2907 685

219 2937 362 2996 Lelurom
375 2938 494 2997 auxilio.

220 3030 291 3089 Heu
305 3034 311 3087 !
334 3040 451 3108 qusntae
465 3032 581 3090 miseris
596 3032 696 3090 cordes
708 3030 911 3092 Laurentibus
924 3034 1033 3093 instant
1048 3037 1056 3092 l

220 3123 305 3191 Quos
318 3142 423 3202 poenss
436 3125 516 3196 mibi,
531 3126 645 3195 Turne,
662 3124 747 3183 dubis
760 3129 767 3183 Ξ
789 3128 878 3203 qulam
893 3128 985 3187 mults
998 3129 1053 3187 sub
1066 3126 1161 3189 undas

219 3217 311 3275 Scuto
325 3215 419 3275 virtim
433 3218 596 3295 galeasque
610 3227 640 3276 et
653 3219 741 3277 fortio
754 3238 881 3297 corporo
896 3221 1006 3293 volves,

217 3304 314 3387 Tybri
326 3314 430 3386 puter!
452 3308 582 3369 Posonnt
595 3313 687 3383 ecies,
703 3320 733 3370 et
746 3312 862 3372 l'mdere
877 3321 1012 3391 rumpent
1027 3317 1034 3373 !
1140 3315 1200 3373 540

257 3400 336 3460 Hoee
350 3403 401 3461 ubi
414 3402 494 3461 dieto
505 3403 595 3475 dedit,
611 3405 686 3463 solio
698 3424 732 3462 se
745 3406 821 3463 tollit
835 3406 873 3463 sb
888 3405 946 3463 ulto
961 3424 970 3475 ς

217 3494 258 3552 Et
271 3496 396 3572 primum
408 3495 571 3555 Herculeis
584 3498 696 3576 sopitus
708 3499 827 3575 ignibus
842 3516 912 3557 eros

216 3586 338 3647 Excitet
352 3609 360 3658 ;
383 3590 613 3668 hesternumque
626 3590 747 3662 Lenem,
764 3610 930 3669 parvosque
944 3591 1075 3651 Penates

217 3679 321 3740 Lotus
334 3683 395 3741 odit
409 3703 417 3753 3
441 3693 571 3742 mactent
585 3686 679 3743 lentus
692 3685 728 3742 de
744 3704 826 3743 moro
841 3685 985 3762 bidentes,

216 3772 377 3833 Evandrus
390 3777 510 3853 puriter,
527 3778 637 3854 puriter
650 3776 783 3853 Trojnue
793 3779 944 3853 juventus.
1139 3778 1198 3837 545

216 3866 289 3925 Pdsl
302 3869 372 3926 bino
386 3870 423 3927 sd
437 3890 529 3927 uures
542 3871 687 3948 graditur,
703 3871 861 3946 sociosque
881 3870 1001 3927 revisit:

218 3958 353 4026 Quorum
367 3962 404 4019 de
418 3982 551 4035 numero,
567 3965 618 4039 qui
631 3982 698 4021 sese
712 3964 742 4020 in
755 3963 835 4021 bello
848 3970 1021 4039 sequentur,

216 4050 400 4112 Praestunles
412 4057 520 4115 vlt-lule
535 4057 607 4133 legit
623 4076 631 4126 3
655 4074 724 4133 pers
738 4065 850 4114 emtore
868 4054 962 4133 prou&

216 4144 327 4204 Fertur
340 4148 430 4223 oque,
446 4150 608 4228 segnisque
622 4149 754 4207 seeundo
768 4148 870 4207 defluit
884 4149 973 4221 omui,

216 4238 329 4298 Nuntia
342 4255 467 4300 venturu
480 4244 613 4301 Ascanio
626 4262 786 4320 rerumque
801 4245 961 4321 petrisque.
1138 4248 1199 4304 ooo
1314 4296 1323 4305 .

215 4328 335 4391 Dentur
347 4336 418 4411 equi
430 4336 558 4395 Teucris
571 4338 730 4413 Tyrrhena
744 4338 911 4415 petentibus
925 4357 998 4396 erre
1011 4356 1019 4395 t

567 4436 604 4489 Ql
615 4436 633 4473 *
648 4474 656 4483 .
