3167 5234
560 589 780 641 cuonetcott
802 588 872 638 ΗΒ.
887 591 935 639 tv.

257 738 346 799 Sevit
359 743 390 796 et
404 729 434 794 in
448 731 547 794 iucem
561 731 673 811 Stygiis
686 731 797 790 emissa
809 730 943 790 tenebris

255 829 373 892 Pallida
385 828 560 906 Tisiphone,
576 825 701 886 Morbos
715 827 777 905 agit
791 825 861 886 ante
875 825 1061 903 Metumque,

256 925 351 1002 Inque
366 923 430 982 dies
444 921 562 981 avidum
577 938 705 1000 surgens
718 927 810 998 eaput
823 919 912 978 attins
926 919 1022 979 effert.

254 1018 361 1078 Balatu
376 1035 518 1096 pecorum
532 1021 562 1073 et
575 1014 690 1074 crebris
704 1013 865 1093 mugitibus
880 1030 983 1072 amnes

254 1111 446 1189 Arentesque
460 1117 567 1168 sonant
580 1109 664 1187 ripas,
680 1108 833 1186 collesque
847 1108 954 1188 supini.
1182 1106 1242 1167 ebt

253 1205 383 1283 Jamque
397 1203 572 1263 catervatim
586 1203 636 1262 dat
650 1209 792 1282 stragem,
809 1209 900 1280 atque
914 1209 1040 1282 aggerat
1051 1201 1125 1282 ipsis

254 1295 289 1356 ln
303 1295 429 1356 stabulis
441 1296 521 1375 turpi
534 1295 650 1374 dilapsa
665 1295 816 1355 cadavera
827 1297 899 1356 tabo
912 1315 920 1368 ;

252 1391 360 1450 Doneo
374 1391 463 1450 humo
477 1398 581 1468 tegere
596 1408 633 1448 ae
647 1389 742 1448 foveis
756 1390 941 1448 abscondere
953 1389 1081 1450 diseunt.

253 1485 282 1544 N
285 1503 332 1543 am
345 1503 443 1561 neque
458 1491 523 1542 erat
538 1481 629 1542 coriis
643 1503 715 1542 usus
731 1501 738 1554 3
762 1501 819 1542 nee
834 1483 952 1542 viscera
965 1485 1124 1562 quisquam

254 1579 315 1637 Aut
329 1577 415 1637 undis
430 1577 551 1636 abolere
565 1584 672 1654 potest,
689 1584 739 1636 aut
752 1577 874 1636 vincere
888 1575 1030 1648 flammi;
1183 1579 1243 1638 beo

253 1671 284 1731 N
286 1691 321 1730 eo
334 1671 457 1730 tondere
472 1669 591 1748 quidem
604 1672 707 1730 morbo
721 1671 883 1748 illuvieque
897 1690 1006 1749 peresa

212 1761 215 1766 ’
253 1761 397 1834 Vellem
420 1783 478 1822 neo
491 1764 568 1822 telas
583 1773 704 1842 possunt
719 1765 866 1843 attingere
881 1772 994 1842 putres.

253 1858 367 1918 Verum
380 1859 480 1930 etiam,
497 1858 609 1917 invisos
622 1859 648 1918 si
663 1859 729 1936 quis
741 1858 874 1918 tentirat
887 1860 1023 1931 amiotus,

252 1951 402 2012 Ardentes
416 1952 544 2030 papulae,
561 1960 651 2030 atque
664 1951 832 2012 immundus
845 1953 956 2012 olentia
970 1952 1063 2014 sudor

254 2044 391 2104 Membra
403 2047 609 2122 sequebatur-3
632 2065 689 2104 nec
703 2046 793 2125 longo
807 2046 915 2105 deinde
928 2048 1055 2108 moranti
1181 2047 1241 2107 bet
1332 2030 1339 2050 ’

252 2140 400 2221 Tempore
414 2148 569 2202 contactos
584 2149 666 2201 anus
679 2158 768 2201 sacer
781 2141 860 2222 ignis
874 2142 992 2203 edebat.

545 2716 948 2796 GEORGIOON

614 2935 777 2998 LIBER
802 2937 866 2998 IV.

619 3135 853 3152 *—

248 3277 416 3360 Paornrus
431 3275 505 3336 aerii
519 3275 615 3336 meilis
629 3276 767 3336 coelestia
780 3275 859 3335 dona

247 3369 430 3446 Exsequar:
449 3369 527 3429 hano
542 3371 643 3442 etiam,
659 3369 826 3441 Maecenas,
842 3367 964 3446 adspice
978 3375 1102 3446 partem.

247 3462 434 3521 Admiranda
447 3463 500 3521 tibi
514 3463 624 3522 leuium
638 3463 813 3541 spectacula
826 3481 937 3534 rerum,

247 3555 519 3633 Magnanimosque
533 3555 636 3628 duces,
651 3557 802 3633 totiusque
817 3557 919 3615 ordine
927 3553 1033 3634 gentis

246 3647 363 3720 Mores,
380 3657 409 3706 et
422 3649 531 3720 studia,
548 3657 578 3709 et
593 3651 726 3728 populos,
742 3657 771 3708 et
786 3651 902 3728 proeiia,
918 3649 1025 3708 dicam.
1218 3645 1238 3705 ὅ

248 3739 286 3798 In
300 3742 383 3800 tonui
396 3741 501 3812 iabor;
526 3751 555 3800 at
569 3743 667 3803 tenuis
682 3763 741 3801 non
756 3743 854 3822 gloria
869 3760 878 3813 3
901 3743 1030 3820 siquem

186 3883 193 3897 .
247 3834 381 3894 Numina
395 3836 471 3895 laeva
484 3838 594 3909 sinunt,
611 3837 752 3914 auditque
768 3846 892 3896 vocatus
904 3835 1021 3912 Apollo.

287 3927 440 4005 Principio
454 3929 542 3988 sedes
558 3931 663 4008 apibus
677 3931 825 4006 statioque
841 3927 978 4008 petenda,

248 4019 321 4087 Quo
336 4039 433 4098 nsque
447 4023 485 4082 sit
498 4025 595 4082 ventis
609 4023 706 4082 aditus
722 4023 805 4102 (nam
819 4022 929 4100 pabula
941 4022 1022 4082 renti

247 4109 345 4173 Ferre
360 4113 477 4175 domum
491 4117 674 4195 prohibent,)
689 4135 787 4193 neque
803 4135 875 4175 oves
887 4115 1025 4194 haedique
1039 4116 1150 4198 petulci
1202 4117 1238 4179 10

247 4205 389 4268 Floribus
403 4209 555 4284 insultent,
572 4219 623 4271 aut
637 4229 742 4270 errans
756 4212 866 4270 bucula
878 4231 984 4291 eampo

246 4301 392 4361 Decutiat
406 4323 515 4378 rorem,
532 4313 562 4364 et
576 4313 735 4384 surgentes
749 4313 857 4364 atterat
871 4306 993 4366 herbas.

248 4395 356 4455 Absint
371 4405 400 4458 et
415 4397 487 4476 picti
500 4399 669 4477 squalentia
682 4406 769 4478 terga
789 4401 895 4460 laeerti
