3167 5234
382 544 439 601 184
665 534 693 581 P.
713 534 881 583 rixetur
898 531 1070 583 menonis

379 675 472 736 Hunc
487 694 562 753 cepe
576 674 708 733 consiliis
720 674 845 745 socium,
862 680 891 731 et
905 671 1055 749 conjunge
1069 668 1227 729 volentem.
1287 680 1291 685 ’

379 768 462 827 Huic
476 768 560 827 trade
575 768 692 827 emissis
705 774 847 845 superant
862 766 912 843 qui
925 765 1062 836 navibus,
1079 771 1108 820 et
1124 783 1199 840 quos
1231 794 1233 797 ·
1251 774 1254 779 '

378 863 545 922 Pertaesum
558 862 659 941 magni
674 862 785 939 incepti
798 880 958 937 rerumque
972 868 1091 917 tuarum
1105 866 1151 917 eat
1164 866 1187 929 ;'

375 955 608 1036 Longaevosque
621 974 721 1028 senes,
738 975 774 1013 ac
789 955 884 1013 sesses
899 972 1019 1030 aequore
1034 961 1154 1023 matres,
1307 953 1366 1013 mo

378 1049 419 1109 Et
435 1049 575 1127 quidquid
588 1056 690 1109 tecum
703 1047 865 1107 invalidum
877 1056 1072 1122 metuensque
1086 1044 1191 1122 pericli
1204 1052 1260 1118 est,

378 1141 488 1222 Delige
502 1162 510 1213 ;
534 1151 564 1201 et
577 1143 625 1201 his
636 1142 768 1201 habeant
781 1141 879 1220 terpis,
896 1141 971 1211 siue,
988 1139 1098 1199 moenie
1111 1138 1192 1198 fessi.

378 1235 491 1296 Urbem
505 1236 696 1315 appellabunt
710 1234 855 1313 permisso
869 1234 986 1291 nomine
1000 1233 1152 1292 Acestam.

417 1328 543 1387 Talibus
557 1328 699 1387 incensus
712 1327 799 1387 dictis
813 1326 939 1385 senioris
953 1325 1059 1384 amici:

376 1422 457 1481 Tum
471 1422 542 1481 verb
557 1422 587 1480 in
601 1440 692 1481 cures
706 1422 836 1480 animum
848 1420 998 1478 diducitur
1011 1438 1123 1479 omnes.
1305 1420 1364 1477 700

378 1515 419 1575 Et
433 1535 491 1575 uox
505 1523 572 1574 atre
585 1516 684 1594 polum
698 1515 776 1594 bigis
789 1516 934 1573 subvectu
946 1514 1068 1571 tenebat
1081 1531 1089 1569 ε

378 1607 454 1667 Vise
468 1608 575 1667 debinc
590 1609 667 1667 cmlo
681 1608 775 1667 facies
789 1607 914 1685 delapsa
928 1605 1059 1684 parentis

307 1712 310 1718 '
377 1703 519 1761 Anchisae
533 1700 631 1760 subitd
645 1702 722 1760 tales
735 1700 889 1760 effundere
904 1720 994 1761 voces
1008 1718 1015 1757 :

378 1795 407 1855 N
410 1803 470 1868 ete,
485 1794 557 1853 mibi
570 1793 631 1854 vitai
646 1794 804 1872 quondam,
820 1794 890 1852 dum
904 1794 965 1853 vite
978 1796 1128 1868 manebat,

378 1888 462 1951 Cere
476 1888 582 1967 magis,
598 1897 678 1961 oete,
695 1888 796 1947 iliacis
809 1888 940 1946 exercite
956 1888 1034 1959 setis,
1306 1889 1363 1947 '126

379 1982 509 2061 imperio
521 1982 607 2042 Jovis
621 1983 679 2043 buc
695 1983 791 2054 venio,
809 1982 858 2059 qui
873 1982 1020 2040 classibus
1035 1983 1135 2061 iguem

377 2076 512 2154 Depulit,
529 2085 558 2136 et
571 2077 650 2136 coelo
664 2076 784 2135 tandem
798 2076 957 2135 miseratus
971 2077 1009 2134 eb
1024 2077 1082 2135 alto
1096 2084 1152 2137 est.

379 2169 521 2231 Consiliis
536 2190 619 2249 pere,
637 2190 703 2247 quse
718 2190 798 2229 nunc
813 2169 1013 2247 pulcherrime
1026 2170 1144 2229 Nautes

377 2262 440 2323 Det
454 2264 575 2323 senior:
597 2264 692 2326 lectos
708 2264 847 2340 juvenes,
865 2262 1025 2321 fortissime
1038 2262 1141 2335 eorde,

377 2357 473 2417 Deser
485 2358 516 2417 iu
530 2358 655 2417 Italiam.
699 2358 784 2418 Gens
798 2358 874 2417 dura
887 2364 975 2433 etque
991 2376 1099 2436 aspere
1113 2357 1195 2417 cultu
1305 2358 1365 2417 700

377 2450 632 2511 Debellandatibi
645 2451 734 2511 Latio
749 2459 804 2511 est.
846 2450 927 2509 Ditis
941 2460 1041 2510 tamen
1056 2451 1126 2510 autb
1324 2442 1327 2455 ’

379 2544 515 2604 Infernas
529 2545 640 2603 accede
655 2544 768 2617 domos,
784 2554 814 2603 et
827 2547 951 2603 Averna
966 2565 1019 2623 per
1032 2546 1094 2605 alte

379 2636 570 2716 congressus
585 2647 663 2716 pete,
680 2648 761 2711 nate,
776 2658 870 2697 meos.
912 2639 942 2698 N
944 2660 982 2698 ou
996 2658 1043 2697 me
1058 2638 1147 2716 impia
1158 2654 1287 2717 namque

377 2730 508 2790 Tartara
519 2732 640 2804 hebent,
655 2733 756 2791 tristes
770 2735 881 2791 umbrae
896 2752 903 2803 ;
928 2732 980 2791 sed
996 2752 1114 2791 amoena
1132 2734 1246 2811 piorum

378 2824 518 2886 Concilio
529 2826 726 2904 Elysiumque
741 2827 817 2885 eolo.
860 2826 933 2885 Huc
948 2835 1033 2885 caste
1047 2827 1160 2904 Sibylla
1305 2827 1364 2885 735

377 2918 407 2978 N
409 2919 540 2997 igrerum
554 2920 646 2979 multo
661 2920 808 2998 pecudum
821 2928 851 2979 te
866 2920 1012 2999 sanguine
1026 2920 1126 2979 ducet.

377 3014 456 3072 Tum
468 3034 565 3092 genus
579 3034 665 3075 omne
679 3025 773 3086 tuum,
790 3024 820 3074 et
835 3037 902 3094 quse
916 3017 1024 3074 dentur
1041 3016 1161 3087 mmnie,
1177 3013 1285 3077 disces.

376 3106 505 3184 Jamque
520 3108 606 3167 vale:
628 3118 748 3185 torquet
761 3109 874 3167 medios
889 3130 948 3169 nox
961 3110 1081 3169 humide
1095 3128 1201 3169 cursus
1214 3128 1224 3183 p

376 3200 418 3259 Et
431 3220 478 3259 me
492 3221 591 3260 saevus
605 3202 691 3279 equis
704 3202 814 3261 Oriens
829 3204 940 3262 afflavit
955 3204 1079 3263 anhelis.

376 3293 514 3366 Dixerat,
531 3304 560 3353 et
572 3303 678 3354 tenues
692 3296 777 3374 fugit,
793 3316 850 3356 ceu
865 3298 973 3369 fumus,
989 3298 1019 3355 in
1034 3316 1132 3357 eures.
1305 3298 1365 3355 740

375 3387 506 3460 AEuees,
523 3387 593 3455 Qut
608 3389 714 3449 deinde
729 3391 792 3449 ruis
806 3390 817 3446 i
840 3390 898 3467 qud
914 3391 1038 3468 proripis
1054 3392 1064 3447 ?
1086 3390 1203 3467 inquit3

377 3480 476 3549 Quem
490 3482 570 3559 fugis
585 3483 596 3538 ἓ
619 3492 670 3541 aut
685 3484 750 3560 quis
763 3492 793 3542 te
809 3486 917 3543 nostris
932 3485 1134 3563 complexibus
1147 3482 1256 3543 arcet?

376 3572 455 3634 Haec
469 3594 648 3647 memorans,
664 3576 797 3635 cinerem
811 3586 840 3636 et
855 3579 966 3656 sopitos
980 3579 1105 3637 suscitet
1119 3578 1205 3655 ignes
1218 3596 1226 3647 3

375 3666 635 3746 Pergameumque
648 3668 770 3741 Larem,
786 3678 817 3729 ct
831 3690 916 3730 canae
932 3672 1095 3749 penetralia
1108 3671 1223 3743 Vester,

375 3760 472 3821 Ferre
486 3762 534 3839 pio
549 3770 578 3820 et
593 3760 682 3840 plenis
695 3764 820 3841 supplex
834 3774 996 3825 veneretur
1009 3768 1125 3847 acerri.
1304 3764 1364 3825 ⁷46

414 3854 572 3933 Extemplo
587 3857 685 3919 socios
700 3857 885 3935 primumque
900 3860 1025 3918 arcessit
1039 3861 1195 3929 Acestem

375 3945 417 4005 Et
428 3948 515 4006 Jovis
527 3948 680 4027 imperium
693 3959 723 4009 et
737 3952 802 4009 cari
816 3961 966 4030 praecepta
980 3953 1112 4031 parentis

375 4039 503 4113 Educet,
520 4051 549 4099 et
565 4064 630 4120 quae
645 4064 726 4104 nuuc
740 4046 838 4105 animo
852 4047 999 4105 sententie
1013 4054 1138 4106 constet.

375 4130 470 4191 Haud
484 4154 567 4194 more
581 4138 723 4210 consiliis,
738 4158 796 4198 nec
813 4140 899 4215 jussa
913 4148 1033 4199 recusat
1047 4141 1185 4201 Acestes.

374 4224 593 4287 'lbauscribuut
608 4232 674 4290 urbi
686 4239 808 4304 matres,
824 4235 1024 4312 populumque
1039 4234 1187 4293 volentem
1305 4236 1365 4296 760

375 4315 548 4396 Deponunt,
564 4322 679 4383 animos
692 4325 734 4383 nil
746 4344 864 4405 magnes
877 4328 975 4387 laudis
990 4336 1125 4407 egentes.
