3167 5234
555 530 729 581 AENEIDOS
747 532 818 579 tre.
832 530 878 577 lV.

221 672 290 733 Nox
302 672 399 752 operit
415 680 523 743 terrae,
541 670 657 747 quoties
670 677 753 729 ostra
765 668 856 747 ignee
869 676 1006 747 surgunt,

221 767 368 825 Admonet
383 766 413 825 in
427 764 548 837 somnis,
564 773 595 823 et
608 764 726 823 turbida
738 771 832 821 terret
845 764 945 841 imago
961 781 968 818 :

222 858 278 919 Me
294 878 369 938 puer
381 858 545 932 Ascanius,
558 857 725 934 capitisque
738 857 848 933 injuria
862 856 936 926 cari,

222 950 322 1020 Quam
334 970 429 1031 regno
442 950 601 1028 Hesperie
614 950 719 1007 fraudo
733 958 764 1007 et
782 949 922 1008 letalibus
936 947 1024 1006 arvis.
1145 947 1203 1005 ³55

220 1045 250 1104 Ν
252 1064 311 1103 unc
324 1046 415 1103 etiem
427 1044 575 1121 interpres
587 1040 698 1113 diutim,
711 1042 789 1101 Jove
804 1043 911 1100 missus
925 1042 962 1099 eb
977 1040 1051 1117 ipso,

224 1137 348 1216 (Testor
360 1144 518 1213 utrumque
532 1137 636 1213 caput)
651 1137 767 1193 celeres
783 1134 924 1193 mandute
938 1154 992 1212 per
1005 1150 1094 1193 auras

222 1229 337 1289 Detulit
352 1248 360 1287 t
382 1230 446 1308 ipse
459 1230 548 1288 deum
560 1228 717 1288 manifesto
730 1230 762 1287 in
775 1228 884 1287 lumine
900 1227 958 1285 vidi

222 1322 385 1383 lutrantem
397 1342 510 1394 muros,
525 1340 690 1399 vocemque
704 1322 749 1379 bis
763 1322 885 1381 auribus
900 1321 995 1382 hausi.

221 1414 335 1475 Desine
347 1434 454 1492 meque
467 1417 528 1474 tuis
541 1415 700 1474 incendere
713 1424 804 1492 teque
819 1414 968 1490 querelis:
1144 1416 1204 1473 teo
1253 1453 1257 1464 -

222 1508 339 1568 ltaliam
351 1528 410 1568 non
424 1518 528 1587 sponte
544 1496 662 1585 sequor.

186 1606 226 1635 r
260 1602 349 1662 Talia
363 1604 511 1663 dicentem
527 1602 699 1680 jamdudum
714 1620 821 1661 eversa
834 1610 945 1675 tuetur,

221 1695 294 1756 Huc
311 1697 383 1756 illuc
396 1697 519 1755 volvens
532 1696 646 1767 oculos,
662 1703 816 1775 totumque
833 1704 967 1774 pererret

219 1788 396 1849 Luminibus
408 1790 516 1861 tacitis,
532 1791 620 1848 etsie
634 1808 764 1848 accense
781 1790 933 1867 profatur:

221 1882 287 1942 Nec
299 1883 355 1941 tibi
367 1882 435 1941 dre
448 1902 569 1961 parens,
583 1883 705 1961 generis
719 1902 775 1941 nec
788 1882 951 1941 Dardanus
966 1888 1080 1954 auctor,
1143 1882 1202 1940 365

219 1974 338 2034 Perfide
352 1994 362 2047 ;
384 1975 436 2034 sed
450 1976 532 2034 duris
545 1977 648 2055 genuit
661 1984 693 2033 te
706 1976 844 2034 cautibus
858 1974 983 2033 horrens

220 2067 390 2141 Caucasus,
404 2068 620 2146 Hyrcanaeque
635 2066 788 2127 udindrunt
803 2070 898 2126 ubera
910 2067 1014 2146 tigres.

221 2159 302 2221 Nam
316 2161 386 2239 quid
399 2161 576 2220 dissimulo?
598 2169 649 2221 aut
663 2180 730 2237 que
744 2180 792 2219 me
806 2161 843 2219 ed
858 2159 971 2236 majora
985 2160 1132 2221 reservo?

220 2254 301 2314 Num
314 2256 386 2315 lletu
398 2255 541 2333 ingemuit
554 2263 656 2315 nostro
670 2255 681 2311 ἓ
701 2274 772 2313 num
785 2254 896 2313 lumina
909 2254 991 2313 flexit
1007 2254 1017 2311 i

220 2348 299 2409 Num
311 2349 461 2426 lacrymae
468 2347 671 2407 victusdeditl
681 2356 734 2407 sut
742 2348 901 2407 mueretus
909 2353 1057 2405 ementem
1065 2345 1129 2405 est?
1142 2348 1201 2405 eto

218 2441 298 2509 Quae
312 2442 420 2519 quibus
433 2441 598 2500 anteferam
613 2441 623 2498 i
640 2441 703 2518 jam
719 2441 782 2516 jorn
796 2459 853 2499 nec
866 2440 995 2499 maxime
1006 2438 1098 2512 Juno,

218 2534 247 2594 N
248 2552 285 2593 ec
295 2534 457 2592 Saturnius
470 2534 535 2592 luec
548 2534 644 2593 oculis
658 2542 744 2611 pater
756 2534 881 2613 adspicit
899 2532 1002 2609 nequis.

219 2626 378 2703 Nusquam
389 2634 456 2686 tuta
469 2626 553 2686 fides.
595 2627 735 2704 Ejectum
747 2627 856 2699 littore,
873 2634 1022 2705 egentem,

217 2718 344 2797 Excepi,
360 2728 390 2779 et
401 2720 488 2797 regni
500 2708 623 2779 demens
636 2720 667 2778 in
680 2729 766 2797 parte
779 2720 877 2779 locavi
892 2737 899 2777 :

218 2814 367 2873 Amineam
380 2815 517 2887 classem,
532 2816 631 2874 socios
644 2835 664 2873 a
676 2825 769 2875 morte
783 2816 896 2874 reduxi.
1141 2814 1200 2871 ³75

216 2905 311 2966 Heu!
345 2908 447 2967 Furiis
460 2908 584 2967 incense
597 2908 699 2967 seror!
735 2910 825 2969 Nunc
839 2928 937 2987 augur
949 2906 1067 2985 Apollo,
1137 2952 1144 2969 .

218 2999 308 3059 Nunc
319 2998 424 3077 Lyciae
442 3012 549 3074 sortes,
565 3022 645 3061 nunc
658 3009 688 3061 et
701 3003 778 3062 Jove
791 3002 899 3061 missus
913 3003 951 3059 eb
965 3002 1030 3079 ipso

218 3089 370 3170 Interpres
383 3092 484 3153 divum
496 3094 554 3153 sert
566 3095 687 3154 horride
702 3095 790 3172 jussa
809 3114 862 3173 per
875 3114 973 3153 auras.

217 3184 340 3243 Scilicet
356 3186 382 3243 is
396 3187 518 3265 Superis
531 3187 616 3246 leber
629 3196 676 3247 est
690 3208 698 3257 ;
721 3207 759 3247 ee
772 3206 847 3247 cure
860 3189 976 3265 quietos

217 3278 371 3337 Sollicitet.
412 3279 521 3357 Neque
534 3288 565 3339 te
581 3287 679 3353 teneo,
695 3300 793 3358 neque
808 3282 887 3341 dicta
900 3282 1013 3341 refello.
1140 3284 1199 3341 ³80

216 3370 241 3443 1,
257 3390 387 3448 sequere
400 3371 518 3433 Italiam
531 3376 628 3435 ventis
644 3395 652 3444 3
676 3384 743 3453 pete
760 3395 853 3454 regne
868 3394 922 3453 per
935 3374 1039 3435 undas.

217 3465 312 3541 Spero
326 3464 465 3541 equidem
476 3467 591 3538 mediis,
607 3469 633 3527 si
647 3469 716 3544 quid
730 3469 779 3547 pia
792 3470 914 3527 numine
928 3474 1059 3546 possunt,

217 3557 371 3635 Supplicia
385 3557 548 3617 hausurum
560 3561 700 3638 scopulis,
717 3570 747 3619 et
760 3562 878 3621 nomine
892 3562 973 3620 Dido

216 3651 303 3729 Saepe
318 3659 501 3711 vocaturum.
544 3655 661 3730 Sequar
675 3656 748 3715 atris
762 3655 881 3733 ignibus
895 3657 1025 3725 ebsens3

214 3744 265 3819 Et,
281 3765 374 3822 quum
384 3746 500 3824 frigida
511 3766 591 3806 mors
604 3747 704 3807 animis
721 3749 872 3808 seduxerit
887 3756 980 3819 ertus,
1139 3750 1198 3808 ³85

214 3837 361 3898 Omnibus
377 3841 483 3898 umbra
495 3840 569 3899 locis
583 3840 683 3901 adero.
724 3841 832 3913 Dabis,
849 3842 991 3918 improbe,
1009 3861 1134 3919 poenas;

213 3930 343 3989 Audiam
359 3950 368 4001 ;
391 3942 421 3990 et
434 3932 500 3991 luec
512 3932 622 3993 Manes
635 3935 733 3993 veniet
747 3934 819 3992 mibi
832 3934 912 3993 lisma
926 3936 981 3993 sub
996 3935 1078 3995 imos.

252 4022 315 4082 His
327 4024 458 4083 medium
470 4025 557 4085 dictis
569 4045 738 4086 sermonem
751 4028 910 4105 abrumpit,
926 4035 955 4086 et
970 4047 1062 4088 eures

209 4116 315 4197 AEgra
329 4118 416 4197 sugit,
432 4138 527 4197 seque
540 4140 577 4179 ex
591 4121 687 4181 oculis
700 4122 808 4181 avertit
822 4130 850 4180 et
865 4122 973 4195 aufert,

208 4208 368 4289 Linqueus
380 4212 474 4273 multe
487 4221 567 4273 metu
582 4223 771 4275 cunctantem
785 4225 815 4274 et
829 4217 920 4276 multa
934 4225 1089 4295 parantem
1136 4219 1198 4277 ³90

531 4327 568 4383 14
