3167 5234
532 559 756 608 ononfflcotv
774 561 897 609 n1n1n

196 685 207 694 ”
244 698 405 771 Fraxinum
421 697 646 775 Herculemque
664 700 754 759 arbos
768 701 910 760 umbrosa
922 719 1068 774 coronm,=
1098 761 1103 768 ,

247 794 436 870 Chaoniique
450 792 543 870 petris
556 793 682 871 glandes
695 811 702 864 3
726 795 818 852 etism
832 794 928 853 ardua
941 795 1041 873 palma

244 889 400 960 Nascitur,
417 895 447 946 et
461 905 552 946 casus
565 886 648 946 abies
662 887 764 946 visura
776 889 918 948 marinos.

244 983 392 1044 lnmritur
405 980 477 1040 vard
492 988 522 1040 et
537 981 610 1040 fetu
623 981 710 1040 nucis
724 983 850 1040 arbutus
863 981 984 1041 barrida
996 1001 1005 1052 3

242 1077 284 1137 Fr
297 1076 416 1136 steriles
429 1075 542 1153 platani
555 1075 649 1134 malos
663 1072 786 1154 gessere
802 1076 955 1146 valentes3
1194 1080 1235 1137 70

245 1169 407 1232 Castaneas
422 1169 522 1248 sagus,
537 1187 688 1246 ornusque
703 1169 835 1228 incanuit
849 1169 918 1227 albo

244 1263 334 1324 Flore
349 1265 406 1343 piri
422 1283 430 1334 3
453 1261 653 1342 glandemque
667 1281 738 1322 sues
752 1262 872 1342 fregere
886 1265 942 1322 sub
955 1262 1054 1323 ulmis.

283 1361 312 1420 N
315 1379 351 1420 ec
365 1359 470 1418 modus
483 1359 628 1429 inserere,
645 1366 735 1434 etque
749 1359 853 1416 oculos
867 1358 1030 1436 imponere,
1045 1358 1191 1437 simplex:

245 1453 274 1514 N
276 1473 325 1513 am
340 1450 402 1530 qui
415 1471 448 1511 se
461 1451 560 1510 medio
572 1451 695 1512 trudunt
709 1451 746 1509 de
760 1451 873 1510 cortice
887 1469 1024 1529 gemma,

243 1545 284 1607 Et
297 1555 406 1606 tenues
418 1553 558 1623 rumpunt
570 1545 698 1615 tunicae,
715 1552 862 1623 angustus
875 1545 906 1602 in
919 1545 986 1621 ipso
1194 1547 1233 1604 *15

244 1640 294 1700 Fit
308 1639 386 1699 nodo
399 1639 483 1698 sinus
495 1657 504 1709 3
528 1638 587 1698 buc
602 1636 701 1696 alieni
714 1657 751 1697 ex
765 1639 873 1696 arbore
887 1655 1012 1716 germen

245 1732 414 1804 Includunt,
430 1731 549 1808 udoque
564 1731 671 1790 decent
685 1731 850 1790 inolescere
864 1731 951 1790 libro.

243 1828 305 1886 Aut
318 1844 439 1886 rursum
452 1825 564 1884 enodes
577 1825 675 1885 trunci
687 1832 876 1896 resecantur,
891 1830 922 1882 et
935 1823 995 1883 alte

244 1919 383 1978 Finditur
397 1919 427 1978 in
442 1917 567 1978 solidum
580 1918 685 1978 cuneis
699 1919 747 1976 via
762 1937 770 1988 3
794 1917 901 1976 deinde
917 1917 1035 1977 feraces

245 2010 361 2072 Plantae
375 2012 572 2072 immittuntur
586 2031 594 2069 ι
616 2031 673 2070 nec
687 2012 809 2090 longum
821 2019 950 2088 tempus,
967 2021 997 2070 et
1010 2013 1119 2092 ingene
1192 2015 1233 2072 00

244 2105 325 2166 Exiit
339 2105 377 2165 ad
391 2105 502 2166 coslum
519 2105 611 2164 ramis
624 2105 761 2164 felicibus
774 2106 876 2176 arbos,

244 2198 433 2277 Miraturque
445 2217 539 2257 novas
554 2198 674 2258 frondes
687 2206 716 2256 et
729 2217 789 2257 non
803 2217 860 2256 sna
873 2217 971 2276 poma.

282 2293 436 2362 Praeterea
448 2311 545 2371 genus
558 2292 636 2350 haud
651 2311 752 2364 mum,
769 2311 826 2352 nec
839 2292 965 2352 sortibus
977 2294 1077 2366 ulmis,

244 2385 273 2446 N
275 2405 311 2446 ec
323 2387 419 2464 salici,
435 2387 567 2463 lotoque,
583 2403 681 2462 neque
696 2384 785 2444 idaeis
798 2385 984 2463 cyparissis:

244 2479 311 2540 Nec
326 2481 451 2559 pingues
465 2499 556 2538 unam
570 2479 600 2538 in
615 2478 722 2537 faciem
736 2487 901 2537 nascuntur
913 2479 1012 2552 olivae,
1194 2481 1233 2539 06

245 2573 412 2644 Orchedes,
428 2581 458 2632 et
471 2573 558 2643 radii,
573 2579 603 2630 et
618 2571 719 2630 amam
733 2571 839 2649 pausia
852 2571 960 2644 bacci,

243 2663 407 2743 Pomaque,
422 2675 452 2724 et
466 2665 587 2726 Alcinoi
603 2665 685 2724 silvoe
702 2684 710 2735 3
734 2683 791 2724 nec
805 2665 945 2724 surculos
957 2665 1037 2725 idem

245 2757 425 2820 Crustumiis
439 2760 593 2838 Syriisque
612 2758 694 2836 piris,
708 2757 912 2838 gravibusque
926 2759 1059 2820 volemis.

244 2851 313 2912 Non
326 2852 433 2912 eadem
446 2853 602 2912 arboribus
616 2852 724 2930 pendet
738 2852 887 2911 vindemia
900 2853 1021 2926 nostris,

244 2944 343 3014 Quam
358 2945 564 3024 Methymnaeo
579 2946 673 3024 carpit
688 2945 724 3003 de
739 2946 859 3023 palmite
871 2945 1010 3006 Lesbos:
1191 2949 1231 3007 90

245 3037 318 3097 Sunt
331 3039 454 3099 'l'basim
468 3040 554 3110 vites,
571 3047 639 3098 sunt
654 3047 683 3098 et
698 3037 887 3099 Mareotides
901 3041 977 3100 alba
994 3059 1003 3110 3

243 3129 409 3210 Pinguibus
422 3133 469 3192 hm
482 3133 571 3216 terris
584 3131 711 3205 habiles,
727 3132 887 3192 levioribus
900 3134 980 3192 illae:

242 3223 282 3282 Et
296 3244 386 3302 passo
398 3224 514 3284 Psithia
528 3226 637 3298 utilior,
652 3226 813 3302 tenuisque
824 3225 959 3304 Lageos,

242 3317 411 3378 Tentatura
424 3312 515 3396 pddes
528 3320 608 3391 olim,
624 3319 821 3395 vincturaque
835 3320 967 3398 lingnam
982 3339 992 3390 3

243 3411 419 3490 Purpureae,
436 3412 605 3490 preciaeque
621 3431 629 3482 3
653 3420 799 3490 et-quo
811 3421 842 3472 te
856 3414 989 3472 carmine
1002 3413 1111 3486 dicam3
1192 3413 1233 3472 90

243 3505 382 3564 Rhaetica
398 3505 409 3562 i
434 3523 491 3564 nec
505 3507 590 3564 cellis
604 3506 671 3564 ideo
685 3505 832 3565 contende
846 3506 993 3568 Falernis.

244 3599 320 3658 Sunt
335 3607 365 3657 et
378 3598 521 3658 Aminea
535 3600 622 3672 vites,
639 3599 808 3660 firmissima
819 3601 900 3673 vina,

242 3691 367 3752 Tmolus
382 3701 411 3752 et
425 3694 556 3772 assurgit
571 3695 689 3770 quibus,
704 3703 734 3753 et
748 3713 801 3752 rex
818 3695 882 3772 ipse
894 3692 1046 3754 Phanreus
1062 3712 1071 3764 3
1122 3727 1126 3734 ·

242 3786 416 3864 Argitisque
430 3786 537 3858 minor,
553 3787 603 3846 cui
619 3806 678 3846 noo
693 3789 854 3846 conaverit
867 3788 940 3859 ulla,

242 3879 304 3938 Aut
318 3879 434 3938 lentium
448 3878 554 3951 fluere,
569 3888 620 3939 aut
634 3881 756 3940 totidem
770 3879 880 3939 durare
894 3899 948 3957 per
961 3897 1065 3941 annos.
1176 3882 1234 3940 100

242 3971 312 4030 Non
327 3989 384 4048 ego
396 3978 437 4044 te,
453 3971 500 4031 dis
514 3983 544 4031 et
558 3973 668 4033 mensis
682 3981 810 4052 accepta
821 3974 973 4048 mundis,

242 4063 437 4137 Transierim
452 4065 583 4139 Rhodia,
600 4074 629 4125 et
645 4067 776 4139 tumidis,
792 4067 946 4140 Bumeste,
961 4068 1100 4128 mamm.

243 4157 304 4218 Sed
321 4178 430 4236 neque,
447 4159 537 4237 quim
550 4161 650 4221 multae
664 4163 792 4240 species,
808 4181 865 4222 nec
879 4163 999 4224 nomina
1013 4183 1079 4242 qum
1093 4163 1163 4236 sint,

241 4250 300 4311 Est
313 4271 456 4314 numerus
471 4273 479 4324 3
502 4273 601 4332 neque
616 4255 695 4314 enim
708 4275 834 4316 numero
847 4258 1061 4336 comprendere
1075 4259 1167 4319 refert
1181 4277 1190 4317 τ

242 4343 343 4416 Quem
358 4345 409 4424 qui
422 4347 502 4408 scire
516 4349 598 4421 velit,
613 4347 722 4427 Libyci
735 4349 807 4410 velit
820 4351 951 4428 aequoris
964 4351 1042 4410 idem
1177 4351 1232 4410 106

517 4443 538 4500 5
932 4461 953 4502 o
