3167 5234
397 565 456 624 320
686 558 713 605 r.
729 553 899 607 vincturi
919 557 1092 608 sunnonis

398 698 527 759 Nomine
543 717 629 758 avum
643 697 787 770 reserens,
804 699 903 757 animo
916 699 1114 775 munibusque
1128 707 1307 776 putentem

398 793 461 862 Qui
476 793 634 870 quondam,
651 799 752 850 castra
766 801 798 852 ut
812 789 952 852 Dauniam
965 792 1140 870 speculator
1151 792 1258 866 adiret,

322 879 325 887 ¹
399 888 502 946 Ausus
514 886 626 946 Pelides
641 885 768 964 pretium
782 886 838 944 sibi
853 906 979 965 poscere
993 904 1122 945 currus:
1331 889 1395 946 850

398 979 486 1040 Illum
499 977 633 1059 Tydides
647 981 706 1040 ulio
720 999 774 1058 pro
787 981 897 1039 talibus
911 981 993 1039 ausis

397 1075 508 1134 Affecit
522 1075 618 1153 pretio
631 1093 640 1145 ;
664 1093 721 1134 nec
735 1076 822 1152 equis
840 1075 971 1153 udspirat
986 1074 1122 1134 Achillis.

397 1167 491 1227 Hunc
506 1167 609 1246 procul
624 1177 655 1227 ut
669 1187 774 1247 campo
787 1169 911 1227 Turnus
924 1167 1074 1246 prospexit
1088 1174 1202 1241 operto,

399 1261 481 1320 Ante
496 1261 555 1321 levi
564 1261 668 1338 jaculo
683 1262 806 1341 longum
819 1281 874 1340 per
886 1262 975 1320 iueue
990 1270 1122 1333 secutus,

398 1355 481 1415 Sistit
496 1375 590 1433 equos
604 1357 732 1435 bijuges,
749 1365 779 1414 et
793 1375 885 1415 curru
898 1355 1007 1428 desilit,
1024 1363 1113 1433 utque
1329 1357 1392 1416 050

398 1449 559 1509 Semanimi
573 1451 716 1528 lapsoque
730 1449 913 1529 supervenit,
927 1456 958 1507 et
973 1449 1048 1527 pede
1061 1451 1140 1510 collo

397 1541 559 1620 impresso,
575 1544 687 1602 dextro
702 1561 874 1602 mucronem
889 1551 1056 1619 extorquet,
1072 1552 1102 1602 et
1117 1544 1178 1602 elta

396 1635 577 1715 Fulgentem
591 1639 677 1716 tingit
687 1639 805 1716 jugulo,
822 1647 912 1714 atque
927 1638 992 1697 haee
1006 1638 1128 1715 insuper
1142 1637 1221 1697 addit
1236 1657 1244 1696 :

396 1729 457 1802 En,
473 1750 573 1809 egros,
589 1740 618 1789 et
634 1732 827 1808 quambene,
844 1730 988 1808 Trojane,
1005 1731 1115 1809 petisti,

396 1823 579 1902 Hesperiam
594 1825 698 1883 metire
708 1825 815 1901 jacens
830 1845 838 1882 τ
861 1825 927 1884 hmc
941 1825 1072 1903 praemio,
1088 1826 1140 1902 qui
1153 1845 1201 1885 me
1329 1827 1390 1886 ³th

397 1917 493 1977 Ferro
508 1919 574 1977 ausi
589 1927 715 1991 tentare,
731 1919 829 1977 serunt
844 1938 853 1989 ;
876 1919 921 1977 sic
934 1919 1046 1978 monio
1059 1919 1199 1979 condunt.

396 2009 481 2070 Huic
496 2013 633 2070 comitem
647 2013 793 2083 Asbuten,
810 2011 949 2087 conjecti
963 2012 1098 2090 cuspide,
1112 2013 1198 2072 mittit
1211 2031 1220 2083 ;

397 2103 601 2180 Chloreaque,
619 2106 828 2182 Sybarimque,
844 2105 1031 2182 Daretaque,
1046 2105 1348 2185 Thersilochumque,
1471 2111 1477 2120 ’

396 2195 598 2256 marcisseio
611 2200 681 2275 equi
696 2199 811 2276 lapsum
824 2200 945 2258 cervice
959 2197 1149 2276 Thymoeten.

396 2293 443 2351 Ac
458 2292 538 2352 velut
554 2291 653 2352 Edoni
665 2291 773 2352 Boreas
788 2311 879 2369 quum
892 2293 1014 2370 spiritus
1032 2293 1093 2350 alto
1328 2295 1388 2352 ³65

397 2385 520 2446 Insonat
533 2387 658 2466 AEgaeo,
675 2388 869 2463 sequiturque
884 2387 921 2443 ad
936 2386 1036 2444 littora
1049 2385 1180 2457 fluctus3

398 2479 469 2548 Qut
484 2481 564 2540 venti
579 2479 754 2552 incubuere,
771 2481 873 2558 fugem
886 2480 957 2538 dant
972 2480 1074 2538 nubila
1087 2479 1187 2538 coelo:

398 2574 448 2634 Sic
461 2575 577 2647 Turno,
595 2573 785 2652 quicumque
799 2575 878 2632 viam
892 2581 987 2644 secut,
1004 2573 1125 2651 agmina
1137 2572 1258 2646 cedunt,

398 2667 624 2746 Conversoeque
639 2677 728 2729 ruunt
744 2671 827 2728 acies
841 2689 849 2739 3
875 2667 932 2727 lert
946 2669 1074 2746 impetus
1087 2667 1194 2745 ipsum,

396 2762 438 2823 Et
453 2763 575 2821 cristam
589 2761 716 2822 adverso
731 2782 822 2822 curru
837 2763 931 2839 quatit
945 2780 1020 2820 sura
1033 2762 1192 2821 uolentem.
1330 2762 1387 2820 810

397 2856 427 2916 N
429 2876 467 2914 on
481 2857 547 2915 tulit
560 2857 719 2916 instantem
734 2857 877 2935 Phegeus
890 2855 1056 2932 animisque
1071 2855 1267 2925 trementem

397 2948 516 3024 Objecit
530 2967 598 3008 sese
615 2949 652 3008 ed
667 2969 800 3021 currum,
816 2958 846 3008 et
860 2950 1029 3028 spumantia
1043 2948 1143 3007 frenis

398 3039 464 3101 Ore
477 3041 634 3102 citatorum
649 3043 756 3102 dextri
770 3044 893 3101 detorsit
907 3061 1062 3120 equorum.

396 3133 479 3194 Dum
492 3136 630 3208 trahitur,
644 3138 813 3215 pendetque
823 3138 916 3215 jugis,
933 3139 1013 3195 hunc
1027 3137 1089 3195 lata
1102 3143 1251 3196 retectum

396 3227 523 3289 Lanceb
536 3230 739 3307 consequitur,
756 3231 924 3307 rumpitque
939 3231 1030 3288 inlisa
1043 3230 1162 3289 bilicem
1327 3227 1389 3287 ³⁷6

396 3323 549 3396 Loricam,
565 3333 594 3383 et
609 3343 754 3383 summum
768 3325 908 3403 degustat
923 3326 1045 3384 vulnere
1060 3343 1179 3402 corpus.

374 3411 378 3420 ’
398 3419 453 3478 llle
467 3429 568 3478 temen
581 3421 688 3498 clypeo
702 3421 821 3497 objecto
835 3439 999 3479 conversus
1012 3421 1042 3478 in
1056 3420 1173 3478 hostem

398 3512 476 3585 Ibst,
493 3522 522 3572 et
537 3515 678 3572 auxilium
692 3515 781 3574 ducto
795 3533 939 3573 mucrone
954 3515 1096 3592 petebat:

398 3605 500 3674 Quum
514 3615 578 3666 rote
594 3607 785 3686 precipitem,
802 3616 832 3666 et
847 3626 992 3684 procursu
1006 3607 1143 3666 concitus
1155 3605 1220 3666 axis

398 3699 527 3779 Impulit,
544 3701 727 3778 effunditque
742 3702 806 3760 solo
821 3721 828 3771 ;
851 3702 1034 3778 Turnusque
1049 3709 1182 3772 secutus,
1329 3701 1390 3760 ³80

398 3793 492 3854 lmam
508 3795 585 3854 inter
598 3795 717 3873 galeam
733 3795 839 3854 summi
852 3795 986 3854 thoracis
1000 3802 1030 3853 et
1043 3815 1124 3866 oras,

398 3890 529 3948 Abstulit
543 3907 615 3947 ense
630 3897 731 3967 caput,
746 3899 944 3966 truncumque
958 3889 1078 3966 reliquit
1092 3907 1202 3948 arenas.

438 3985 538 4060 Atque
552 4002 590 4041 ec
604 3983 671 4042 dum
686 3985 801 4062 campis
814 3984 911 4042 victor
924 3983 974 4042 (let
987 3983 1094 4042 sunera
1107 3981 1242 4056 Turnus,

399 4073 521 4134 Interea
534 4077 659 4136 AEneun
673 4077 861 4149 Mnestheus,
876 4087 907 4136 et
920 4077 997 4136 fidus
1009 4078 1154 4149 Achates,

398 4169 607 4248 Ascaniusque
623 4191 734 4245 comes,
750 4173 858 4230 castris
871 4169 1005 4232 statuero
1019 4178 1186 4243 cruentum,
1328 4168 1386 4228 ³85

398 4263 540 4324 Alter-nos
554 4265 645 4344 longis
659 4267 801 4326 nitentem
814 4267 938 4346 cuspide
952 4285 1085 4345 gressus.

400 4359 501 4432 Saevit,
517 4366 546 4418 et
561 4357 689 4420 infracti
703 4361 837 4422 luctatur
846 4361 991 4422 arundine
1004 4361 1098 4420 telum
1138 4365 1142 4376 '
