3167 5234
590 550 767 600 auersos
785 553 856 603 ura
870 554 905 601 m
1182 561 1238 621 ιη

254 688 339 749 Talis
351 690 382 749 in
395 688 481 749 boste
494 688 550 749 fuit
562 688 682 749 Priamo
695 710 704 762 3
726 691 781 751 sed
796 692 867 769 jura
879 692 1027 770 fidemque

257 783 403 861 Supplicis
416 783 546 855 erubuit,
562 802 731 862 corpusque
744 804 897 865 exsangue
911 787 1050 866 sepulcro

255 875 396 934 Reddidit
407 875 606 948 Hectoreum,
622 895 730 954 meque
743 878 773 937 in
787 896 856 937 mea
869 898 964 957 regna
977 876 1098 939 remisit.

206 1040 214 1051 .
257 970 306 1027 Sic
320 969 399 1027 fatue
412 968 522 1041 senior,
537 969 689 1046 telumque
703 971 821 1031 imbelle
835 972 900 1031 sine
914 972 974 1031 ictu

255 1062 406 1140 conjecit,
421 1082 514 1122 rauco
528 1064 607 1140 quod
620 1065 753 1143 protinus
766 1084 827 1125 sere
841 1068 1003 1145 repulsum,
1180 1066 1240 1125 545

254 1156 296 1216 Et
310 1176 424 1215 summo
436 1156 535 1235 clypei
545 1158 749 1235 nequidquam
762 1160 890 1219 umbone
905 1159 1053 1238 pependit.

258 1249 318 1309 Cui
330 1249 485 1327 Pyrrhus:
508 1250 638 1309 Rescres
651 1270 725 1331 ergo
739 1254 816 1324 haec,
832 1262 861 1312 et
875 1254 996 1313 nuntius
1010 1253 1067 1313 ibis

256 1342 368 1403 Pelidae
381 1343 527 1423 genitori:
548 1343 591 1403 illi
605 1364 672 1404 mea
683 1346 780 1405 tristia
793 1346 884 1419 sacta,

256 1436 507 1515 Degeneremque
521 1438 760 1516 Neoptolemum,
775 1458 900 1499 narrare
914 1447 1070 1499 memento.

196 1577 206 1595 .
257 1530 347 1591 Nunc
360 1550 485 1590 morere.
526 1530 600 1591 Hoc
611 1531 725 1604 dicens,
742 1532 847 1592 altaria
860 1532 897 1591 ad
911 1533 977 1611 ipsa
989 1538 1165 1593 trementem
1181 1534 1241 1593 550

258 1625 373 1695 Traxit,
387 1631 417 1683 et
430 1626 461 1683 in
473 1626 566 1685 multo
579 1625 745 1703 lapsantem
758 1626 904 1705 sanguine
918 1626 980 1685 nati
993 1645 1002 1695 ;

259 1718 465 1796 implicuitque
478 1738 595 1779 comam
608 1716 696 1790 laevi,
712 1716 877 1795 dextrique
895 1738 1054 1779 coruscum

258 1812 381 1883 Extulit,
397 1830 435 1870 ac
447 1810 536 1871 lateri
548 1812 656 1890 capulo
668 1818 758 1871 tenus
770 1811 891 1883 abdidit,
908 1830 1019 1871 ensem.

258 1904 338 1965 Haec
351 1904 417 1964 linis
429 1904 543 1963 Priami
555 1904 683 1964 satorum
697 1924 705 1974 ;
728 1905 777 1963 bic
789 1905 886 1964 exitus
899 1904 982 1964 illum

259 1998 344 2057 Sorte
357 1998 433 2069 tulit,
448 1997 572 2073 Trojam
585 1998 739 2057 incensam
751 2005 781 2055 et
797 1999 935 2077 prolapsa
948 1998 1096 2057 videntem
1181 2000 1241 2057 555

258 2090 416 2170 Pergama,
431 2099 474 2151 tot
487 2091 636 2167 quondam
649 2092 765 2173 populis
777 2091 926 2169 terrisque
940 2092 1101 2169 superbum

259 2185 462 2263 Regnatorem
474 2184 566 2245 Asius.
606 2184 696 2243 Jacet
709 2185 816 2263 ingene
829 2186 926 2245 littore
940 2194 1074 2257 truncus,

258 2279 462 2355 Avulsumque
475 2278 607 2337 humeris
620 2286 720 2357 caput,
736 2286 767 2337 et
780 2279 845 2339 sine
859 2278 976 2337 nomine
990 2296 1108 2357 corpus.

297 2374 338 2431 At
351 2392 398 2431 me
412 2380 475 2431 tum
486 2371 613 2451 primlim
625 2391 725 2431 saevus
737 2372 933 2431 circumstetit
947 2372 1061 2431 horror.

258 2466 406 2544 Obstupui
419 2485 428 2537 ;
450 2466 540 2525 subiit
553 2465 618 2523 cari
630 2465 776 2544 genitoris
787 2464 896 2543 imago,
1183 2466 1243 2523 560
1282 2468 1286 2473 ’

259 2560 298 2619 Ut
311 2580 415 2639 regem
428 2578 592 2635 aequaevum
605 2558 720 2619 crudeli
732 2559 856 2617 uulnere
870 2558 930 2617 vidi

259 2654 359 2713 Vitam
372 2653 561 2712 exhalantem
576 2672 584 2722 ;
608 2652 698 2712 subiit
710 2652 832 2711 deserta
844 2650 971 2723 Cratisa,

260 2744 300 2805 Et
312 2746 429 2825 direpta
441 2745 557 2818 domus,
571 2754 602 2804 et
616 2746 700 2823 parri
715 2766 805 2805 casus
819 2744 887 2803 Iuli.

259 2840 413 2918 Respicio,
429 2848 459 2898 et
473 2859 540 2916 quas
554 2840 591 2898 sit
605 2859 653 2897 me
667 2840 780 2898 circum
795 2840 881 2917 copis
895 2840 997 2898 lustro.

257 2931 437 3003 Deserudre
445 2950 548 2993 omnes
560 2932 681 3004 defessi,
696 2941 727 2991 et
740 2952 868 3011 corpora
881 2933 958 2991 saltu
1184 2932 1243 2989 565

259 3028 306 3086 Ad
318 3035 430 3086 terram
443 3023 562 3099 misem,
578 3035 629 3085 eut
643 3026 761 3105 ignibus
774 3045 858 3104 segra
870 3022 991 3086 dedere.

296 3120 425 3196 Jamque
440 3117 515 3176 aded
530 3138 620 3196 super
633 3138 710 3177 unus
723 3136 806 3177 eram
820 3138 828 3189 ;
852 3138 942 3195 quum
956 3118 1057 3177 limina
1069 3116 1170 3179 Vestae

259 3215 433 3272 servantem
447 3220 476 3270 et
489 3212 612 3271 tacitam
625 3211 746 3271 secreti
758 3212 788 3270 in
803 3212 874 3269 sede
889 3212 1030 3271 latentem

256 3306 431 3385 Tyndarida
443 3305 576 3383 adspicio
589 3324 596 3362 z
619 3305 690 3365 dant
705 3306 789 3365 clara
801 3304 940 3363 incendia
953 3305 1050 3363 lucem

256 3399 393 3472 Erranti,
409 3399 578 3478 passimque
592 3399 696 3457 oculos
710 3418 763 3475 per
777 3406 887 3457 cuncta
900 3397 1016 3458 serenti.
1183 3398 1243 3455 ⁵70

258 3494 317 3552 llla
329 3493 387 3551 sibi
401 3492 524 3551 infestos
536 3510 644 3550 eversa
656 3493 694 3549 ob
708 3491 858 3569 Pergama
871 3490 1018 3561 Teucros,

257 3587 300 3645 Et
313 3606 418 3664 poenas
430 3582 581 3656 Danadm,
597 3593 627 3643 et
640 3584 752 3643 deserti
765 3584 902 3662 conjugis
914 3584 974 3641 iras

256 3679 473 3749 Praemctuens,
488 3678 589 3753 Troiae
603 3685 633 3735 et
647 3678 750 3755 patrias
764 3677 928 3735 communis
941 3675 1084 3753 Erinnys,

257 3770 423 3830 Abdiderat
436 3790 516 3843 sese,
531 3778 622 3847 atque
636 3770 697 3828 aris
711 3769 807 3828 invisa
820 3769 953 3827 sedebat.

256 3862 411 3925 Exarsdre
425 3865 511 3943 ignes
524 3865 623 3923 animo
637 3883 645 3932 ;
668 3864 747 3921 subit
761 3863 806 3921 ira
820 3861 975 3920 cadentem
1184 3862 1243 3921 575

256 3957 371 4015 Ulcisci
384 3958 520 4035 patriam,
536 3966 566 4017 et
580 3958 744 4015 sceleratas
757 3973 876 4013 sumere
890 3972 1003 4031 poenas.

259 4054 381 4111 Scilicet
394 4053 459 4112 baec
473 4056 611 4131 Spartam
624 4051 780 4112 incolumis
795 4050 964 4127 patriasque
977 4048 1125 4129 Mycenas

257 4145 422 4223 Adspiciat,
438 4156 583 4225 partoque
597 4146 649 4205 ibit
663 4144 769 4221 regina
781 4142 930 4219 triumpho
944 4143 955 4198 ὲ

257 4237 510 4316 conjugiumque,
526 4240 715 4315 domumque,
731 4244 842 4315 patres,
857 4244 1002 4314 natosque
1017 4237 1137 4311 videbit,

257 4330 385 4390 Iliadum
396 4330 487 4391 turbri
499 4341 529 4391 ct
543 4331 683 4411 Phrygiis
696 4331 836 4389 comitata
848 4331 988 4389 ministris
1002 4329 1013 4387 l
1183 4332 1242 4391 580
