<?xml version="1.0" encoding="UTF-8"?>
<!DOCTYPE html PUBLIC "-//W3C//DTD XHTML 1.0 Transitional//EN"
    "http://www.w3.org/TR/xhtml1/DTD/xhtml1-transitional.dtd">
<html xmlns="http://www.w3.org/1999/xhtml" xml:lang="en" lang="en">
 <head>
  <title>
</title>
<meta http-equiv="Content-Type" content="text/html;charset=utf-8" />
  <meta name='ocr-system' content='tesseract 3.04.00' />
  <meta name='ocr-capabilities' content='ocr_page ocr_carea ocr_par ocr_line ocrx_word'/>
</head>
<body>
  <div class='ocr_page' id='page_1' title='image "./pvirgiliimaroni01bowegoog/pvirgiliimaroni01bowegoog_0273.png"; bbox 0 0 3167 5234; ppageno 0'>
   <div class='ocr_carea' id='block_1_1' title="bbox 557 560 1201 625">
    <p class='ocr_par' dir='ltr' id='par_1_1' title="bbox 557 560 1201 625">
     <span class='ocr_line' id='line_1_1' title="bbox 557 560 1201 625; baseline 0.005 -18"><span class='ocrx_word' id='word_1_1' title='bbox 557 560 732 609; x_wconf 76' lang='lat' dir='ltr'><strong>murrinos</strong></span> <span class='ocrx_word' id='word_1_2' title='bbox 752 562 822 610; x_wconf 80' lang='lat' dir='ltr'><strong>nra.</strong></span> <span class='ocrx_word' id='word_1_3' title='bbox 837 562 868 609; x_wconf 89' lang='lat' dir='ltr'><strong>x.</strong></span> <span class='ocrx_word' id='word_1_4' title='bbox 1144 568 1201 625; x_wconf 61' lang='grc' dir='ltr'><strong>γη</strong></span> 
     </span>
    </p>
   </div>
   <div class='ocr_carea' id='block_1_2' title="bbox 212 698 1249 1146">
    <p class='ocr_par' dir='ltr' id='par_1_2' title="bbox 212 698 1249 1146">
     <span class='ocr_line' id='line_1_2' title="bbox 212 698 1028 779; baseline -0.005 -16"><span class='ocrx_word' id='word_1_5' title='bbox 212 702 339 763; x_wconf 79' lang='lat' dir='ltr'><strong>Flumen</strong></span> <span class='ocrx_word' id='word_1_6' title='bbox 355 700 417 779; x_wconf 80' lang='lat' dir='ltr'><strong>agit</strong></span> <span class='ocrx_word' id='word_1_7' title='bbox 433 718 442 771; x_wconf 90' lang='lat'>;</span> <span class='ocrx_word' id='word_1_8' title='bbox 466 698 562 759; x_wconf 79' lang='lat' dir='ltr'><strong>sessos</strong></span> <span class='ocrx_word' id='word_1_9' title='bbox 577 701 672 777; x_wconf 87' lang='lat' dir='ltr'><strong>quatit</strong></span> <span class='ocrx_word' id='word_1_10' title='bbox 683 712 759 759; x_wconf 78' lang='lat' dir='ltr'><strong>&#39;acer</strong></span> <span class='ocrx_word' id='word_1_11' title='bbox 772 701 921 759; x_wconf 75' lang='lat' dir='ltr'><strong>anhelitus</strong></span> <span class='ocrx_word' id='word_1_12' title='bbox 935 707 1028 772; x_wconf 83' lang='lat' dir='ltr'><strong>artus.</strong></span> 
     </span>
     <span class='ocr_line' id='line_1_3' title="bbox 213 794 1204 871; baseline -0.002 -16"><span class='ocrx_word' id='word_1_13' title='bbox 213 796 291 855; x_wconf 80' lang='lat' dir='ltr'><strong>Turn</strong></span> <span class='ocrx_word' id='word_1_14' title='bbox 305 795 424 853; x_wconf 90' lang='lat' dir='ltr'><strong>demum</strong></span> <span class='ocrx_word' id='word_1_15' title='bbox 439 812 574 871; x_wconf 72' lang='lat' dir='ltr'><strong>praeceps</strong></span> <span class='ocrx_word' id='word_1_16' title='bbox 588 795 666 853; x_wconf 87' lang='lat' dir='ltr'><strong>saltu</strong></span> <span class='ocrx_word' id='word_1_17' title='bbox 681 814 748 853; x_wconf 86' lang='lat' dir='ltr'><strong>sese</strong></span> <span class='ocrx_word' id='word_1_18' title='bbox 763 796 899 853; x_wconf 87' lang='lat' dir='ltr'><strong>omnibus</strong></span> <span class='ocrx_word' id='word_1_19' title='bbox 913 795 1004 853; x_wconf 68' lang='lat' dir='ltr'><strong>umis</strong></span> <span class='ocrx_word' id='word_1_20' title='bbox 1133 794 1204 867; x_wconf 75' lang='lat'><strong>,815</strong></span> 
     </span>
     <span class='ocr_line' id='line_1_4' title="bbox 214 886 1249 966; baseline -0.004 -17"><span class='ocrx_word' id='word_1_21' title='bbox 214 888 250 949; x_wconf 91' lang='lat' dir='ltr'><strong>In</strong></span> <span class='ocrx_word' id='word_1_22' title='bbox 264 888 386 947; x_wconf 83' lang='lat' dir='ltr'><strong>fluvium</strong></span> <span class='ocrx_word' id='word_1_23' title='bbox 399 887 500 946; x_wconf 80' lang='lat' dir='ltr'>dedit:</span> <span class='ocrx_word' id='word_1_24' title='bbox 523 887 573 945; x_wconf 88' lang='lat' dir='ltr'><strong>ille</strong></span> <span class='ocrx_word' id='word_1_25' title='bbox 588 906 724 946; x_wconf 87' lang='lat' dir='ltr'><strong>succum</strong></span> <span class='ocrx_word' id='word_1_26' title='bbox 740 888 858 966; x_wconf 75' lang='lat' dir='ltr'><strong>gurgite</strong></span> <span class='ocrx_word' id='word_1_27' title='bbox 873 888 951 946; x_wconf 85' lang='lat' dir='ltr'><strong>flavo</strong></span> <span class='ocrx_word' id='word_1_28' title='bbox 1241 886 1249 895; x_wconf 84' lang='lat'>&#39;</span> 
     </span>
     <span class='ocr_line' id='line_1_5' title="bbox 214 981 984 1060; baseline -0.005 -17"><span class='ocrx_word' id='word_1_29' title='bbox 214 983 341 1060; x_wconf 80' lang='lat' dir='ltr'><strong>Accepit</strong></span> <span class='ocrx_word' id='word_1_30' title='bbox 357 982 534 1053; x_wconf 88' lang='lat' dir='ltr'><strong>venientem,</strong></span> <span class='ocrx_word' id='word_1_31' title='bbox 553 1000 589 1039; x_wconf 85' lang='lat' dir='ltr'><strong>ac</strong></span> <span class='ocrx_word' id='word_1_32' title='bbox 603 982 740 1039; x_wconf 87' lang='lat' dir='ltr'><strong>mollibus</strong></span> <span class='ocrx_word' id='word_1_33' title='bbox 755 982 860 1039; x_wconf 85' lang='lat' dir='ltr'><strong>extulit</strong></span> <span class='ocrx_word' id='word_1_34' title='bbox 873 981 960 1040; x_wconf 89' lang='lat' dir='ltr'><strong>undis</strong></span> <span class='ocrx_word' id='word_1_35' title='bbox 974 1001 984 1052; x_wconf 71' lang='grc' dir='ltr'>ς</span> 
     </span>
     <span class='ocr_line' id='line_1_6' title="bbox 212 1072 849 1146; baseline -0.003 -11"><span class='ocrx_word' id='word_1_36' title='bbox 212 1076 252 1135; x_wconf 79' lang='lat' dir='ltr'><strong>Et</strong></span> <span class='ocrx_word' id='word_1_37' title='bbox 266 1076 369 1135; x_wconf 84' lang='lat' dir='ltr'><strong>laetum</strong></span> <span class='ocrx_word' id='word_1_38' title='bbox 382 1073 483 1146; x_wconf 87' lang='lat' dir='ltr'><strong>sociis,</strong></span> <span class='ocrx_word' id='word_1_39' title='bbox 500 1072 602 1133; x_wconf 69' lang='lat' dir='ltr'><strong>abluti</strong></span> <span class='ocrx_word' id='word_1_40' title='bbox 617 1074 711 1146; x_wconf 84' lang='lat' dir='ltr'><strong>oaede,</strong></span> <span class='ocrx_word' id='word_1_41' title='bbox 727 1075 849 1133; x_wconf 80' lang='lat' dir='ltr'><strong>remisit.</strong></span> 
     </span>
    </p>
   </div>
   <div class='ocr_carea' id='block_1_3' title="bbox 548 1546 882 1621">
    <p class='ocr_par' dir='ltr' id='par_1_3' title="bbox 548 1546 882 1621">
     <span class='ocr_line' id='line_1_7' title="bbox 548 1546 882 1621; baseline 0.006 -2"><span class='ocrx_word' id='word_1_42' title='bbox 548 1546 882 1621; x_wconf 81' lang='lat' dir='ltr'><strong>AENEIDOS</strong></span> 
     </span>
    </p>
   </div>
   <div class='ocr_carea' id='block_1_4' title="bbox 606 1740 811 1802">
    <p class='ocr_par' dir='ltr' id='par_1_4' title="bbox 606 1740 811 1802">
     <span class='ocr_line' id='line_1_8' title="bbox 606 1740 811 1802; baseline 0.01 -2"><span class='ocrx_word' id='word_1_43' title='bbox 606 1740 759 1801; x_wconf 85' lang='lat' dir='ltr'><strong>LIBER</strong></span> <span class='ocrx_word' id='word_1_44' title='bbox 771 1740 811 1802; x_wconf 87' lang='lat' dir='ltr'><strong>X.</strong></span> 
     </span>
    </p>
   </div>
   <div class='ocr_carea' id='block_1_5' title="bbox 212 1904 1202 3667">
    <p class='ocr_par' dir='ltr' id='par_1_5' title="bbox 214 1904 995 1984">
     <span class='ocr_line' id='line_1_9' title="bbox 214 1904 995 1984; baseline -0.001 -20"><span class='ocrx_word' id='word_1_45' title='bbox 214 1904 383 1964; x_wconf 76' lang='lat' dir='ltr'><strong>Psrnrrua</strong></span> <span class='ocrx_word' id='word_1_46' title='bbox 396 1904 512 1963; x_wconf 86' lang='lat' dir='ltr'><strong>interea</strong></span> <span class='ocrx_word' id='word_1_47' title='bbox 525 1904 629 1964; x_wconf 84' lang='lat' dir='ltr'><strong>domus</strong></span> <span class='ocrx_word' id='word_1_48' title='bbox 643 1904 852 1983; x_wconf 87' lang='lat' dir='ltr'><strong>omnipotentis</strong></span> <span class='ocrx_word' id='word_1_49' title='bbox 865 1904 995 1984; x_wconf 83' lang='lat' dir='ltr'><strong>Olympi,</strong></span> 
     </span>
    </p>

    <p class='ocr_par' dir='ltr' id='par_1_6' title="bbox 216 1995 1104 2075">
     <span class='ocr_line' id='line_1_10' title="bbox 216 1995 1104 2075; baseline -0.003 -16"><span class='ocrx_word' id='word_1_50' title='bbox 216 1997 445 2075; x_wconf 85' lang='lat' dir='ltr'><strong>Conciliumque</strong></span> <span class='ocrx_word' id='word_1_51' title='bbox 459 2005 547 2057; x_wconf 87' lang='lat' dir='ltr'><strong>vocat</strong></span> <span class='ocrx_word' id='word_1_52' title='bbox 562 1995 662 2056; x_wconf 83' lang='lat' dir='ltr'><strong>divrirn</strong></span> <span class='ocrx_word' id='word_1_53' title='bbox 675 1998 767 2056; x_wconf 91' lang='lat' dir='ltr'><strong>Pater</strong></span> <span class='ocrx_word' id='word_1_54' title='bbox 781 2007 870 2075; x_wconf 88' lang='lat' dir='ltr'><strong>atque</strong></span> <span class='ocrx_word' id='word_1_55' title='bbox 885 1999 1036 2056; x_wconf 90' lang='lat' dir='ltr'><strong>bominum</strong></span> <span class='ocrx_word' id='word_1_56' title='bbox 1048 2014 1104 2056; x_wconf 83' lang='lat' dir='ltr'><strong>rex</strong></span> 
     </span>
    </p>

    <p class='ocr_par' dir='ltr' id='par_1_7' title="bbox 214 2091 1015 2164">
     <span class='ocr_line' id='line_1_11' title="bbox 214 2091 1015 2164; baseline -0.001 -14"><span class='ocrx_word' id='word_1_57' title='bbox 214 2091 370 2151; x_wconf 88' lang='lat' dir='ltr'><strong>Sideream</strong></span> <span class='ocrx_word' id='word_1_58' title='bbox 383 2093 413 2149; x_wconf 90' lang='lat' dir='ltr'><strong>in</strong></span> <span class='ocrx_word' id='word_1_59' title='bbox 426 2091 528 2150; x_wconf 88' lang='lat' dir='ltr'><strong>sedem</strong></span> <span class='ocrx_word' id='word_1_60' title='bbox 543 2111 550 2161; x_wconf 83' lang='lat'>3</span> <span class='ocrx_word' id='word_1_61' title='bbox 573 2100 669 2149; x_wconf 88' lang='lat' dir='ltr'><strong>terras</strong></span> <span class='ocrx_word' id='word_1_62' title='bbox 684 2092 761 2149; x_wconf 88' lang='lat' dir='ltr'><strong>unde</strong></span> <span class='ocrx_word' id='word_1_63' title='bbox 776 2092 888 2150; x_wconf 84' lang='lat' dir='ltr'><strong>arduus</strong></span> <span class='ocrx_word' id='word_1_64' title='bbox 902 2111 1015 2164; x_wconf 90' lang='lat' dir='ltr'><strong>omnes,</strong></span> 
     </span>
    </p>

    <p class='ocr_par' dir='ltr' id='par_1_8' title="bbox 214 2183 1133 2263">
     <span class='ocr_line' id='line_1_12' title="bbox 214 2183 1133 2263; baseline 0.001 -19"><span class='ocrx_word' id='word_1_65' title='bbox 214 2184 386 2262; x_wconf 74' lang='lat' dir='ltr'><strong>Castraque</strong></span> <span class='ocrx_word' id='word_1_66' title='bbox 400 2183 605 2244; x_wconf 79' lang='lat' dir='ltr'><strong>Dardanidirm</strong></span> <span class='ocrx_word' id='word_1_67' title='bbox 620 2185 784 2263; x_wconf 80' lang='lat' dir='ltr'><strong>adspectat,</strong></span> <span class='ocrx_word' id='word_1_68' title='bbox 801 2187 985 2263; x_wconf 88' lang='lat' dir='ltr'><strong>populosque</strong></span> <span class='ocrx_word' id='word_1_69' title='bbox 997 2184 1133 2245; x_wconf 83' lang='lat' dir='ltr'><strong>Latinos.</strong></span> 
     </span>
    </p>

    <p class='ocr_par' dir='ltr' id='par_1_9' title="bbox 215 2277 1201 2450">
     <span class='ocr_line' id='line_1_13' title="bbox 215 2277 1201 2356; baseline -0.003 -18"><span class='ocrx_word' id='word_1_70' title='bbox 215 2277 382 2339; x_wconf 81' lang='lat' dir='ltr'><strong>Considunt</strong></span> <span class='ocrx_word' id='word_1_71' title='bbox 395 2279 483 2337; x_wconf 90' lang='lat' dir='ltr'><strong>tectis</strong></span> <span class='ocrx_word' id='word_1_72' title='bbox 498 2279 705 2355; x_wconf 82' lang='lat' dir='ltr'><strong>bipatentibus.</strong></span> <span class='ocrx_word' id='word_1_73' title='bbox 748 2278 857 2356; x_wconf 83' lang='lat' dir='ltr'><strong>incipit</strong></span> <span class='ocrx_word' id='word_1_74' title='bbox 871 2280 955 2356; x_wconf 86' lang='lat' dir='ltr'><strong>ipae:</strong></span> <span class='ocrx_word' id='word_1_75' title='bbox 1179 2278 1201 2335; x_wconf 78' lang='grc' dir='ltr'><strong><em>ὅ</em></strong></span> 
     </span>
     <span class='ocr_line' id='line_1_14' title="bbox 253 2372 966 2450; baseline -0.004 -18"><span class='ocrx_word' id='word_1_76' title='bbox 253 2372 412 2432; x_wconf 82' lang='lat' dir='ltr'><strong>Coellcolae</strong></span> <span class='ocrx_word' id='word_1_77' title='bbox 426 2372 536 2450; x_wconf 79' lang='lat' dir='ltr'><strong>magui,</strong></span> <span class='ocrx_word' id='word_1_78' title='bbox 554 2372 624 2449; x_wconf 88' lang='lat' dir='ltr'><strong>quia</strong></span> <span class='ocrx_word' id='word_1_79' title='bbox 638 2392 706 2432; x_wconf 87' lang='lat' dir='ltr'><strong>nam</strong></span> <span class='ocrx_word' id='word_1_80' title='bbox 719 2373 868 2431; x_wconf 89' lang='lat' dir='ltr'><strong>sententia</strong></span> <span class='ocrx_word' id='word_1_81' title='bbox 881 2372 966 2429; x_wconf 83' lang='lat' dir='ltr'><strong>vobis</strong></span> 
     </span>
    </p>

    <p class='ocr_par' dir='ltr' id='par_1_10' title="bbox 213 2464 1012 2542">
     <span class='ocr_line' id='line_1_15' title="bbox 213 2464 1012 2542; baseline -0.001 -19"><span class='ocrx_word' id='word_1_82' title='bbox 213 2464 312 2524; x_wconf 87' lang='lat' dir='ltr'><strong>Versa</strong></span> <span class='ocrx_word' id='word_1_83' title='bbox 324 2474 415 2538; x_wconf 92' lang='lat' dir='ltr'><strong>retro,</strong></span> <span class='ocrx_word' id='word_1_84' title='bbox 430 2464 604 2542; x_wconf 83' lang='lat' dir='ltr'><strong>tautbmque</strong></span> <span class='ocrx_word' id='word_1_85' title='bbox 619 2466 725 2525; x_wconf 87' lang='lat' dir='ltr'><strong>animis</strong></span> <span class='ocrx_word' id='word_1_86' title='bbox 739 2466 863 2524; x_wconf 89' lang='lat' dir='ltr'><strong>certatis</strong></span> <span class='ocrx_word' id='word_1_87' title='bbox 876 2464 985 2541; x_wconf 89' lang='lat' dir='ltr'><strong>iniquis</strong></span> <span class='ocrx_word' id='word_1_88' title='bbox 1001 2464 1012 2521; x_wconf 74' lang='lat' dir='ltr'><strong>i</strong></span> 
     </span>
    </p>

    <p class='ocr_par' dir='ltr' id='par_1_11' title="bbox 212 2557 958 2618">
     <span class='ocr_line' id='line_1_16' title="bbox 212 2557 958 2618; baseline 0 -1"><span class='ocrx_word' id='word_1_89' title='bbox 212 2560 386 2617; x_wconf 83' lang='lat' dir='ltr'><strong>Abnueram</strong></span> <span class='ocrx_word' id='word_1_90' title='bbox 399 2559 479 2617; x_wconf 88' lang='lat' dir='ltr'><strong>bello</strong></span> <span class='ocrx_word' id='word_1_91' title='bbox 492 2558 610 2618; x_wconf 85' lang='lat' dir='ltr'><strong>Italiam</strong></span> <span class='ocrx_word' id='word_1_92' title='bbox 624 2578 806 2617; x_wconf 87' lang='lat' dir='ltr'><strong>concurrere</strong></span> <span class='ocrx_word' id='word_1_93' title='bbox 821 2557 958 2617; x_wconf 86' lang='lat' dir='ltr'><strong>Teucris.</strong></span> 
     </span>
    </p>

    <p class='ocr_par' dir='ltr' id='par_1_12' title="bbox 214 2651 1083 2728">
     <span class='ocr_line' id='line_1_17' title="bbox 214 2651 1083 2728; baseline 0.002 -19"><span class='ocrx_word' id='word_1_94' title='bbox 214 2652 291 2720; x_wconf 75' lang='lat' dir='ltr'><strong>Qua</strong></span> <span class='ocrx_word' id='word_1_95' title='bbox 306 2658 412 2710; x_wconf 88' lang='lat' dir='ltr'><strong>contra</strong></span> <span class='ocrx_word' id='word_1_96' title='bbox 428 2653 551 2711; x_wconf 86' lang='lat' dir='ltr'><strong>vetitum</strong></span> <span class='ocrx_word' id='word_1_97' title='bbox 565 2652 713 2710; x_wconf 82' lang='lat' dir='ltr'><strong>discordia</strong></span> <span class='ocrx_word' id='word_1_98' title='bbox 727 2651 738 2709; x_wconf 80' lang='lat' dir='ltr'><strong>l</strong></span> <span class='ocrx_word' id='word_1_99' title='bbox 761 2653 827 2728; x_wconf 91' lang='lat' dir='ltr'><strong>quis</strong></span> <span class='ocrx_word' id='word_1_100' title='bbox 841 2660 936 2709; x_wconf 85' lang='lat' dir='ltr'><strong>metus</strong></span> <span class='ocrx_word' id='word_1_101' title='bbox 949 2660 1002 2709; x_wconf 88' lang='lat' dir='ltr'><strong>aut</strong></span> <span class='ocrx_word' id='word_1_102' title='bbox 1015 2651 1083 2723; x_wconf 71' lang='lat' dir='ltr'><strong>bos,</strong></span> 
     </span>
    </p>

    <p class='ocr_par' dir='ltr' id='par_1_13' title="bbox 213 2745 1202 2823">
     <span class='ocr_line' id='line_1_18' title="bbox 213 2745 1202 2823; baseline -0.001 -19"><span class='ocrx_word' id='word_1_103' title='bbox 213 2746 273 2805; x_wconf 86' lang='lat' dir='ltr'><strong>Aut</strong></span> <span class='ocrx_word' id='word_1_104' title='bbox 286 2746 342 2803; x_wconf 88' lang='lat' dir='ltr'><strong>bos</strong></span> <span class='ocrx_word' id='word_1_105' title='bbox 356 2764 439 2803; x_wconf 89' lang='lat' dir='ltr'><strong>arma</strong></span> <span class='ocrx_word' id='word_1_106' title='bbox 453 2746 550 2823; x_wconf 84' lang='lat' dir='ltr'><strong>sequi,</strong></span> <span class='ocrx_word' id='word_1_107' title='bbox 564 2746 735 2822; x_wconf 81' lang='lat' dir='ltr'><strong>ferrumque</strong></span> <span class='ocrx_word' id='word_1_108' title='bbox 749 2746 902 2803; x_wconf 89' lang='lat' dir='ltr'><strong>lacessere</strong></span> <span class='ocrx_word' id='word_1_109' title='bbox 915 2745 1010 2804; x_wconf 84' lang='lat' dir='ltr'><strong>suasit</strong></span> <span class='ocrx_word' id='word_1_110' title='bbox 1025 2745 1036 2802; x_wconf 80' lang='lat' dir='ltr'><strong>l</strong></span> <span class='ocrx_word' id='word_1_111' title='bbox 1165 2746 1202 2804; x_wconf 89' lang='lat'><strong>10</strong></span> 
     </span>
    </p>

    <p class='ocr_par' dir='ltr' id='par_1_14' title="bbox 212 2839 983 2917">
     <span class='ocr_line' id='line_1_19' title="bbox 212 2839 983 2917; baseline 0.003 -20"><span class='ocrx_word' id='word_1_112' title='bbox 212 2839 361 2897; x_wconf 88' lang='lat' dir='ltr'><strong>Adveniet</strong></span> <span class='ocrx_word' id='word_1_113' title='bbox 370 2839 483 2914; x_wconf 83' lang='lat' dir='ltr'><strong>justum</strong></span> <span class='ocrx_word' id='word_1_114' title='bbox 499 2858 617 2917; x_wconf 76' lang='lat' dir='ltr'><strong>pugnae,</strong></span> <span class='ocrx_word' id='word_1_115' title='bbox 633 2858 670 2897; x_wconf 91' lang='lat' dir='ltr'><strong>ne</strong></span> <span class='ocrx_word' id='word_1_116' title='bbox 685 2839 840 2910; x_wconf 86' lang='lat' dir='ltr'><strong>arcessite,</strong></span> <span class='ocrx_word' id='word_1_117' title='bbox 856 2846 983 2917; x_wconf 89' lang='lat' dir='ltr'><strong>tempus,</strong></span> 
     </span>
    </p>

    <p class='ocr_par' dir='ltr' id='par_1_15' title="bbox 214 2930 941 3011">
     <span class='ocr_line' id='line_1_20' title="bbox 214 2930 941 3011; baseline -0.003 -20"><span class='ocrx_word' id='word_1_118' title='bbox 214 2932 317 2999; x_wconf 80' lang='lat' dir='ltr'><strong>Quum</strong></span> <span class='ocrx_word' id='word_1_119' title='bbox 331 2933 395 2991; x_wconf 83' lang='lat' dir='ltr'><strong>sera</strong></span> <span class='ocrx_word' id='word_1_120' title='bbox 409 2930 564 3011; x_wconf 82' lang='lat' dir='ltr'><strong>Carthago</strong></span> <span class='ocrx_word' id='word_1_121' title='bbox 579 2932 724 2990; x_wconf 85' lang='lat' dir='ltr'><strong>Romanis</strong></span> <span class='ocrx_word' id='word_1_122' title='bbox 739 2933 859 2991; x_wconf 86' lang='lat' dir='ltr'><strong>arcibus</strong></span> <span class='ocrx_word' id='word_1_123' title='bbox 872 2932 941 2990; x_wconf 89' lang='lat' dir='ltr'><strong>olim</strong></span> 
     </span>
    </p>

    <p class='ocr_par' dir='ltr' id='par_1_16' title="bbox 213 3025 1023 3103">
     <span class='ocr_line' id='line_1_21' title="bbox 213 3025 1023 3103; baseline 0.001 -19"><span class='ocrx_word' id='word_1_124' title='bbox 213 3026 346 3085; x_wconf 77' lang='lat' dir='ltr'><strong>Eritium</strong></span> <span class='ocrx_word' id='word_1_125' title='bbox 360 3044 501 3103; x_wconf 84' lang='lat' dir='ltr'><strong>maguum</strong></span> <span class='ocrx_word' id='word_1_126' title='bbox 514 3034 605 3103; x_wconf 87' lang='lat' dir='ltr'><strong>atqua</strong></span> <span class='ocrx_word' id='word_1_127' title='bbox 620 3025 712 3103; x_wconf 83' lang='lat' dir='ltr'><strong>Alpes</strong></span> <span class='ocrx_word' id='word_1_128' title='bbox 726 3026 862 3084; x_wconf 89' lang='lat' dir='ltr'><strong>immittet</strong></span> <span class='ocrx_word' id='word_1_129' title='bbox 875 3034 1023 3103; x_wconf 70' lang='lat' dir='ltr'><strong>apertas,</strong></span> 
     </span>
    </p>

    <p class='ocr_par' dir='ltr' id='par_1_17' title="bbox 212 3119 942 3197">
     <span class='ocr_line' id='line_1_22' title="bbox 212 3119 942 3197; baseline 0.001 -20"><span class='ocrx_word' id='word_1_130' title='bbox 212 3119 292 3178; x_wconf 70' lang='lat' dir='ltr'><strong>&#39;Ibam</strong></span> <span class='ocrx_word' id='word_1_131' title='bbox 306 3128 423 3177; x_wconf 88' lang='lat' dir='ltr'><strong>certare</strong></span> <span class='ocrx_word' id='word_1_132' title='bbox 438 3120 523 3191; x_wconf 89' lang='lat' dir='ltr'><strong>odiis,</strong></span> <span class='ocrx_word' id='word_1_133' title='bbox 539 3127 601 3177; x_wconf 89' lang='lat' dir='ltr'><strong>tum</strong></span> <span class='ocrx_word' id='word_1_134' title='bbox 615 3138 665 3177; x_wconf 88' lang='lat' dir='ltr'><strong>res</strong></span> <span class='ocrx_word' id='word_1_135' title='bbox 678 3120 813 3197; x_wconf 86' lang='lat' dir='ltr'><strong>rapuisse</strong></span> <span class='ocrx_word' id='word_1_136' title='bbox 831 3120 942 3178; x_wconf 86' lang='lat' dir='ltr'><strong>licebit.</strong></span> 
     </span>
    </p>

    <p class='ocr_par' dir='ltr' id='par_1_18' title="bbox 212 3208 1201 3383">
     <span class='ocr_line' id='line_1_23' title="bbox 212 3208 1201 3291; baseline 0.002 -19"><span class='ocrx_word' id='word_1_137' title='bbox 212 3212 241 3272; x_wconf 84' lang='lat' dir='ltr'>N</span> <span class='ocrx_word' id='word_1_138' title='bbox 244 3208 304 3272; x_wconf 80' lang='lat' dir='ltr'><strong>unc&#39;</strong></span> <span class='ocrx_word' id='word_1_139' title='bbox 318 3213 405 3271; x_wconf 84' lang='lat' dir='ltr'><strong>sinite</strong></span> <span class='ocrx_word' id='word_1_140' title='bbox 418 3232 426 3282; x_wconf 92' lang='lat'>;</span> <span class='ocrx_word' id='word_1_141' title='bbox 451 3221 480 3271; x_wconf 92' lang='lat' dir='ltr'><strong>et</strong></span> <span class='ocrx_word' id='word_1_142' title='bbox 495 3213 634 3289; x_wconf 90' lang='lat' dir='ltr'><strong>placitum</strong></span> <span class='ocrx_word' id='word_1_143' title='bbox 648 3213 709 3271; x_wconf 79' lang='lat' dir='ltr'><strong>laeti</strong></span> <span class='ocrx_word' id='word_1_144' title='bbox 723 3214 890 3291; x_wconf 87' lang='lat' dir='ltr'><strong>componite</strong></span> <span class='ocrx_word' id='word_1_145' title='bbox 905 3214 1011 3275; x_wconf 83' lang='lat' dir='ltr'><strong>foedus.</strong></span> <span class='ocrx_word' id='word_1_146' title='bbox 1165 3216 1201 3274; x_wconf 79' lang='lat'><strong>15</strong></span> 
     </span>
     <span class='ocr_line' id='line_1_24' title="bbox 250 3305 1067 3383; baseline 0.002 -18"><span class='ocrx_word' id='word_1_147' title='bbox 250 3306 271 3365; x_wconf 93' lang='lat' dir='ltr'>J</span> <span class='ocrx_word' id='word_1_148' title='bbox 273 3306 371 3383; x_wconf 86' lang='lat' dir='ltr'><strong>upiter</strong></span> <span class='ocrx_word' id='word_1_149' title='bbox 384 3306 450 3365; x_wconf 77' lang='lat' dir='ltr'><strong>hmo</strong></span> <span class='ocrx_word' id='word_1_150' title='bbox 465 3305 569 3383; x_wconf 84' lang='lat' dir='ltr'><strong>paucis</strong></span> <span class='ocrx_word' id='word_1_151' title='bbox 584 3325 592 3375; x_wconf 90' lang='lat'>;</span> <span class='ocrx_word' id='word_1_152' title='bbox 618 3312 647 3363; x_wconf 92' lang='lat' dir='ltr'><strong>at</strong></span> <span class='ocrx_word' id='word_1_153' title='bbox 661 3326 720 3364; x_wconf 92' lang='lat' dir='ltr'><strong>non</strong></span> <span class='ocrx_word' id='word_1_154' title='bbox 733 3306 839 3367; x_wconf 89' lang='lat' dir='ltr'><strong>Venus</strong></span> <span class='ocrx_word' id='word_1_155' title='bbox 854 3327 946 3365; x_wconf 88' lang='lat' dir='ltr'><strong>aurea</strong></span> <span class='ocrx_word' id='word_1_156' title='bbox 960 3308 1067 3367; x_wconf 69' lang='lat' dir='ltr'><strong>contra</strong></span> 
     </span>
    </p>

    <p class='ocr_par' dir='ltr' id='par_1_19' title="bbox 212 3398 441 3458">
     <span class='ocr_line' id='line_1_25' title="bbox 212 3398 441 3458; baseline -0.004 -1"><span class='ocrx_word' id='word_1_157' title='bbox 212 3398 318 3458; x_wconf 86' lang='lat' dir='ltr'><strong>Pauca</strong></span> <span class='ocrx_word' id='word_1_158' title='bbox 328 3398 420 3457; x_wconf 85' lang='lat' dir='ltr'><strong>refert</strong></span> <span class='ocrx_word' id='word_1_159' title='bbox 434 3416 441 3456; x_wconf 90' lang='lat'><strong>:</strong></span> 
     </span>
    </p>

    <p class='ocr_par' dir='ltr' id='par_1_20' title="bbox 212 3490 1022 3570">
     <span class='ocr_line' id='line_1_26' title="bbox 212 3490 1022 3570; baseline 0.001 -19"><span class='ocrx_word' id='word_1_160' title='bbox 212 3492 241 3551; x_wconf 93' lang='grc' dir='ltr'><strong>Ο</strong></span> <span class='ocrx_word' id='word_1_161' title='bbox 255 3492 358 3563; x_wconf 86' lang='lat' dir='ltr'><strong>Pater,</strong></span> <span class='ocrx_word' id='word_1_162' title='bbox 372 3512 390 3549; x_wconf 92' lang='lat' dir='ltr'><strong>o</strong></span> <span class='ocrx_word' id='word_1_163' title='bbox 404 3492 557 3551; x_wconf 88' lang='lat' dir='ltr'><strong>hominum</strong></span> <span class='ocrx_word' id='word_1_164' title='bbox 570 3490 728 3570; x_wconf 82' lang='lat' dir='ltr'><strong>diviunque</strong></span> <span class='ocrx_word' id='word_1_165' title='bbox 743 3502 858 3553; x_wconf 80' lang='lat' dir='ltr'><strong>aeterna</strong></span> <span class='ocrx_word' id='word_1_166' title='bbox 871 3496 1022 3570; x_wconf 80' lang='lat' dir='ltr'><strong>potestas!</strong></span> 
     </span>
    </p>

    <p class='ocr_par' dir='ltr' id='par_1_21' title="bbox 214 3584 1153 3667">
     <span class='ocr_line' id='line_1_27' title="bbox 214 3584 1153 3667; baseline 0.001 -24"><span class='ocrx_word' id='word_1_167' title='bbox 214 3584 368 3662; x_wconf 83' lang='lat' dir='ltr'><strong>(Namque</strong></span> <span class='ocrx_word' id='word_1_168' title='bbox 384 3586 463 3644; x_wconf 89' lang='lat' dir='ltr'><strong>aliud</strong></span> <span class='ocrx_word' id='word_1_169' title='bbox 479 3586 548 3663; x_wconf 89' lang='lat' dir='ltr'><strong>quid</strong></span> <span class='ocrx_word' id='word_1_170' title='bbox 563 3588 610 3659; x_wconf 85' lang='lat' dir='ltr'><strong>sit,</strong></span> <span class='ocrx_word' id='word_1_171' title='bbox 629 3587 706 3663; x_wconf 90' lang='lat' dir='ltr'><strong>quod</strong></span> <span class='ocrx_word' id='word_1_172' title='bbox 717 3587 779 3662; x_wconf 87' lang='lat' dir='ltr'><strong>jam</strong></span> <span class='ocrx_word' id='word_1_173' title='bbox 793 3587 952 3663; x_wconf 91' lang='lat' dir='ltr'><strong>implorare</strong></span> <span class='ocrx_word' id='word_1_174' title='bbox 967 3605 1112 3664; x_wconf 87' lang='lat' dir='ltr'><strong>queamus</strong></span> <span class='ocrx_word' id='word_1_175' title='bbox 1126 3586 1153 3667; x_wconf 88' lang='lat'><strong>?)</strong></span> 
     </span>
    </p>
   </div>
   <div class='ocr_carea' id='block_1_6' title="bbox 212 3676 1310 3755">
    <p class='ocr_par' dir='ltr' id='par_1_22' title="bbox 212 3676 1310 3755">
     <span class='ocr_line' id='line_1_28' title="bbox 212 3676 1310 3755; baseline -0.002 -18"><span class='ocrx_word' id='word_1_176' title='bbox 212 3676 325 3737; x_wconf 82' lang='lat' dir='ltr'><strong>Cernis</strong></span> <span class='ocrx_word' id='word_1_177' title='bbox 340 3686 372 3735; x_wconf 91' lang='lat' dir='ltr'><strong>ut</strong></span> <span class='ocrx_word' id='word_1_178' title='bbox 385 3678 526 3737; x_wconf 86' lang='lat' dir='ltr'><strong>insultent</strong></span> <span class='ocrx_word' id='word_1_179' title='bbox 540 3679 656 3751; x_wconf 88' lang='lat' dir='ltr'><strong>Rutuli,</strong></span> <span class='ocrx_word' id='word_1_180' title='bbox 672 3680 853 3755; x_wconf 88' lang='lat' dir='ltr'><strong>Turnusque</strong></span> <span class='ocrx_word' id='word_1_181' title='bbox 868 3680 982 3738; x_wconf 83' lang='lat' dir='ltr'><strong>feratur</strong></span> <span class='ocrx_word' id='word_1_182' title='bbox 1160 3682 1202 3740; x_wconf 77' lang='lat'><strong>20</strong></span> <span class='ocrx_word' id='word_1_183' title='bbox 1303 3721 1310 3735; x_wconf 84' lang='lat'><strong>.</strong></span> 
     </span>
    </p>
   </div>
   <div class='ocr_carea' id='block_1_7' title="bbox 205 3768 1202 4410">
    <p class='ocr_par' dir='ltr' id='par_1_23' title="bbox 210 3768 1004 3850">
     <span class='ocr_line' id='line_1_29' title="bbox 210 3768 1004 3850; baseline 0.004 -22"><span class='ocrx_word' id='word_1_184' title='bbox 210 3768 273 3829; x_wconf 91' lang='lat' dir='ltr'><strong>Per</strong></span> <span class='ocrx_word' id='word_1_185' title='bbox 286 3772 401 3829; x_wconf 83' lang='lat' dir='ltr'><strong>medios</strong></span> <span class='ocrx_word' id='word_1_186' title='bbox 415 3772 540 3850; x_wconf 82' lang='lat' dir='ltr'><strong>insignis</strong></span> <span class='ocrx_word' id='word_1_187' title='bbox 554 3777 651 3849; x_wconf 90' lang='lat' dir='ltr'><strong>equis,</strong></span> <span class='ocrx_word' id='word_1_188' title='bbox 667 3772 855 3849; x_wconf 86' lang='lat' dir='ltr'><strong>tumidusque</strong></span> <span class='ocrx_word' id='word_1_189' title='bbox 871 3773 1004 3834; x_wconf 90' lang='lat' dir='ltr'><strong>secundo</strong></span> 
     </span>
    </p>

    <p class='ocr_par' dir='ltr' id='par_1_24' title="bbox 209 3862 1138 4036">
     <span class='ocr_line' id='line_1_30' title="bbox 209 3862 1138 3943; baseline 0.006 -23"><span class='ocrx_word' id='word_1_190' title='bbox 209 3862 313 3921; x_wconf 86' lang='lat' dir='ltr'><strong>Marte</strong></span> <span class='ocrx_word' id='word_1_191' title='bbox 329 3873 397 3923; x_wconf 87' lang='lat' dir='ltr'><strong>ruat</strong></span> <span class='ocrx_word' id='word_1_192' title='bbox 411 3864 421 3920; x_wconf 79' lang='lat' dir='ltr'><strong>l</strong></span> <span class='ocrx_word' id='word_1_193' title='bbox 462 3866 532 3923; x_wconf 93' lang='lat' dir='ltr'><strong>Non</strong></span> <span class='ocrx_word' id='word_1_194' title='bbox 546 3867 650 3924; x_wconf 86' lang='lat' dir='ltr'><strong>clausa</strong></span> <span class='ocrx_word' id='word_1_195' title='bbox 663 3874 768 3943; x_wconf 84' lang='lat' dir='ltr'><strong>tegunt</strong></span> <span class='ocrx_word' id='word_1_196' title='bbox 777 3866 841 3941; x_wconf 89' lang='lat' dir='ltr'><strong>jam</strong></span> <span class='ocrx_word' id='word_1_197' title='bbox 854 3866 966 3925; x_wconf 77' lang='lat' dir='ltr'><strong>moenia</strong></span> <span class='ocrx_word' id='word_1_198' title='bbox 979 3866 1117 3927; x_wconf 84' lang='lat' dir='ltr'><strong>Teucros</strong></span> <span class='ocrx_word' id='word_1_199' title='bbox 1130 3887 1138 3939; x_wconf 83' lang='lat'>3</span> 
     </span>
     <span class='ocr_line' id='line_1_31' title="bbox 210 3946 956 4036; baseline 0.005 -23"><span class='ocrx_word' id='word_1_200' title='bbox 210 3954 295 4022; x_wconf 78' lang='lat' dir='ltr'><strong>Quin</strong></span> <span class='ocrx_word' id='word_1_201' title='bbox 310 3957 389 4015; x_wconf 88' lang='lat' dir='ltr'><strong>intra</strong></span> <span class='ocrx_word' id='word_1_202' title='bbox 402 3967 503 4035; x_wconf 88' lang='lat' dir='ltr'><strong>portas</strong></span> <span class='ocrx_word' id='word_1_203' title='bbox 518 3967 607 4035; x_wconf 88' lang='lat' dir='ltr'><strong>atque</strong></span> <span class='ocrx_word' id='word_1_204' title='bbox 623 3946 695 4036; x_wconf 87' lang='lat' dir='ltr'><strong>ipsis</strong></span> <span class='ocrx_word' id='word_1_205' title='bbox 709 3958 816 4035; x_wconf 88' lang='lat' dir='ltr'><strong>proelia</strong></span> <span class='ocrx_word' id='word_1_206' title='bbox 829 3960 956 4017; x_wconf 86' lang='lat' dir='ltr'><strong>miscent</strong></span> 
     </span>
    </p>

    <p class='ocr_par' dir='ltr' id='par_1_25' title="bbox 205 4049 1202 4301">
     <span class='ocr_line' id='line_1_32' title="bbox 207 4049 1059 4130; baseline 0.009 -23"><span class='ocrx_word' id='word_1_207' title='bbox 207 4049 386 4127; x_wconf 80' lang='lat' dir='ltr'><strong>Aggeribus</strong></span> <span class='ocrx_word' id='word_1_208' title='bbox 400 4072 551 4111; x_wconf 88' lang='lat' dir='ltr'><strong>murorum</strong></span> <span class='ocrx_word' id='word_1_209' title='bbox 567 4070 574 4122; x_wconf 91' lang='lat'>;</span> <span class='ocrx_word' id='word_1_210' title='bbox 599 4060 628 4110; x_wconf 88' lang='lat' dir='ltr'><strong>et</strong></span> <span class='ocrx_word' id='word_1_211' title='bbox 643 4052 784 4109; x_wconf 90' lang='lat' dir='ltr'><strong>inundant</strong></span> <span class='ocrx_word' id='word_1_212' title='bbox 799 4054 947 4130; x_wconf 79' lang='lat' dir='ltr'><strong>sanguine</strong></span> <span class='ocrx_word' id='word_1_213' title='bbox 960 4054 1059 4115; x_wconf 81' lang='lat' dir='ltr'><strong>ioaste.</strong></span> 
     </span>
     <span class='ocr_line' id='line_1_33' title="bbox 205 4142 1202 4222; baseline 0.006 -19"><span class='ocrx_word' id='word_1_214' title='bbox 205 4142 333 4203; x_wconf 80' lang='lat' dir='ltr'><strong>AEneas</strong></span> <span class='ocrx_word' id='word_1_215' title='bbox 347 4145 471 4222; x_wconf 83' lang='lat' dir='ltr'><strong>ignarus</strong></span> <span class='ocrx_word' id='word_1_216' title='bbox 486 4148 580 4205; x_wconf 85' lang='lat' dir='ltr'><strong>abeat.</strong></span> <span class='ocrx_word' id='word_1_217' title='bbox 623 4144 826 4221; x_wconf 86' lang='lat' dir='ltr'><strong>Nunquamne</strong></span> <span class='ocrx_word' id='word_1_218' title='bbox 840 4146 934 4204; x_wconf 84' lang='lat' dir='ltr'><strong>levari</strong></span> <span class='ocrx_word' id='word_1_219' title='bbox 1161 4152 1202 4209; x_wconf 75' lang='lat'><strong>26</strong></span> 
     </span>
     <span class='ocr_line' id='line_1_34' title="bbox 206 4236 982 4301; baseline 0.006 -6"><span class='ocrx_word' id='word_1_220' title='bbox 206 4236 375 4296; x_wconf 87' lang='lat' dir='ltr'><strong>Obsidione</strong></span> <span class='ocrx_word' id='word_1_221' title='bbox 390 4240 471 4299; x_wconf 91' lang='lat' dir='ltr'><strong>sines</strong></span> <span class='ocrx_word' id='word_1_222' title='bbox 485 4241 496 4297; x_wconf 90' lang='lat'>?</span> <span class='ocrx_word' id='word_1_223' title='bbox 518 4241 610 4299; x_wconf 89' lang='lat' dir='ltr'><strong>muris</strong></span> <span class='ocrx_word' id='word_1_224' title='bbox 623 4241 730 4299; x_wconf 90' lang='lat' dir='ltr'><strong>iterum</strong></span> <span class='ocrx_word' id='word_1_225' title='bbox 744 4239 875 4299; x_wconf 88' lang='lat' dir='ltr'><strong>imminet</strong></span> <span class='ocrx_word' id='word_1_226' title='bbox 889 4241 982 4301; x_wconf 88' lang='lat' dir='ltr'><strong>hostis</strong></span> 
     </span>
    </p>

    <p class='ocr_par' dir='ltr' id='par_1_26' title="bbox 205 4328 1001 4410">
     <span class='ocr_line' id='line_1_35' title="bbox 205 4328 1001 4410; baseline 0.006 -21"><span class='ocrx_word' id='word_1_227' title='bbox 205 4328 376 4390; x_wconf 79' lang='lat' dir='ltr'><strong>Nascentis</strong></span> <span class='ocrx_word' id='word_1_228' title='bbox 389 4330 491 4410; x_wconf 82' lang='lat' dir='ltr'><strong>Trojae</strong></span> <span class='ocrx_word' id='word_1_229' title='bbox 506 4354 515 4405; x_wconf 89' lang='lat'>;</span> <span class='ocrx_word' id='word_1_230' title='bbox 538 4330 596 4395; x_wconf 78' lang='lat' dir='ltr'><strong>n&#39;ec</strong></span> <span class='ocrx_word' id='word_1_231' title='bbox 609 4355 669 4395; x_wconf 90' lang='lat' dir='ltr'><strong>non</strong></span> <span class='ocrx_word' id='word_1_232' title='bbox 682 4336 832 4394; x_wconf 85' lang='lat' dir='ltr'><strong>exercitus</strong></span> <span class='ocrx_word' id='word_1_233' title='bbox 847 4335 933 4409; x_wconf 89' lang='lat' dir='ltr'><strong>alter,</strong></span> <span class='ocrx_word' id='word_1_234' title='bbox 995 4342 1001 4357; x_wconf 84' lang='lat'>&#39;</span> 
     </span>
    </p>
   </div>
   <div class='ocr_carea' id='block_1_8' title="bbox 0 0 1588 5234">
    <p class='ocr_par' dir='ltr' id='par_1_27' title="bbox 0 0 1588 5234">
     <span class='ocr_line' id='line_1_36' title="bbox 0 0 1588 5234; baseline 0 4"><span class='ocrx_word' id='word_1_235' title='bbox 0 0 1588 5234; x_wconf 95' lang='lat' dir='ltr'><strong> </strong></span> 
     </span>
    </p>
   </div>
  </div>
 </body>
</html>
