3167 5234
399 517 459 576 814
686 511 713 558 r.
732 509 900 558 vieornn
922 510 1094 560 uinctus
1174 495 1183 512 ’

401 653 497 711 Facta
509 651 615 710 ferent.
658 649 737 712 Herc
751 651 817 710 dire
829 670 896 710 meo
909 651 979 710 dum
992 652 1117 710 vulnere
1132 651 1224 729 pestis

399 745 492 805 Pulsa
504 745 605 818 cedat,
623 725 736 823 patrias
749 747 891 804 remeabo
905 746 1050 823 inglorius
1064 746 1164 804 urbes.

399 839 512 912 Audiit,
529 849 558 898 et
574 840 632 898 voti
645 838 780 898 Phoebus
794 839 959 898 succedere
972 847 1090 916 partem

397 931 501 992 Mente
516 933 605 1005 dedit,
622 941 738 1010 partem
753 932 891 991 volucres
904 933 1044 1010 dispersit
1058 933 1087 990 in
1102 950 1201 990 auras.
1330 933 1389 990 teo

397 1027 552 1086 Sterneret
566 1035 597 1085 ut
611 1025 713 1086 subiti
724 1027 874 1084 turbatam
888 1035 983 1084 morte
997 1025 1167 1097 Camillam,

396 1121 509 1180 Annuit
523 1121 620 1179 oranti
633 1139 640 1177 :
664 1119 806 1178 reducem
819 1127 850 1178 ut
864 1119 961 1197 patris
974 1119 1036 1176 elta
1049 1119 1175 1189 videret,

396 1214 466 1273 Non
480 1214 560 1272 dedit
576 1233 584 1284 ;
608 1214 697 1291 inque
712 1222 799 1273 notos
812 1232 916 1271 vocem
930 1210 1048 1272 vertero
1063 1212 1213 1290 procelle.

395 1306 491 1386 Ergo,
509 1315 540 1367 ut
553 1308 645 1366 missa
659 1327 746 1366 manu
760 1308 889 1367 sonitum
903 1306 983 1365 dedit
995 1306 1082 1363 besto
1096 1325 1150 1384 per
1163 1323 1266 1377 suras,

395 1399 584 1460 (lonver-tire
599 1401 713 1460 animos
727 1421 826 1472 acres,
842 1401 1005 1476 oculosque
1018 1396 1117 1459 tulere
1325 1399 1386 1457 800

284 1547 286 1560 ,
395 1492 508 1554 Cuncti
521 1495 559 1553 sd
573 1495 709 1574 reginam
723 1494 838 1553 Volsci.
881 1494 964 1552 Nihil
977 1493 1043 1571 ipsa
1054 1509 1154 1569 neque
1168 1509 1251 1550 aureo

393 1588 422 1647 N
425 1607 462 1647 ec
475 1584 590 1646 sonittis
604 1607 727 1659 memor,
744 1596 795 1646 aut
809 1587 956 1646 venientis
969 1589 1008 1644 ab
1023 1587 1135 1644 retbere
1147 1584 1222 1654 teli;

393 1680 495 1740 Hesta
508 1683 563 1740 sub
581 1690 729 1740 exsortem
744 1680 840 1738 donec
854 1681 969 1758 perlate
982 1679 1122 1758 papillam

392 1773 502 1846 Haesit,
518 1775 746 1853 virgineumque
761 1774 822 1832 ulte
837 1774 910 1832 bibit
924 1785 994 1832 actu
1007 1791 1156 1832 cruorem.

392 1869 587 1930 Concurrunt
600 1871 723 1948 trepide
738 1871 872 1941 comites,
888 1869 1096 1945 dominamque
1111 1877 1249 1926 ruentem
1324 1868 1382 1926 806

391 1965 574 2041 Suscipiunt.
616 1963 708 2042 Fugit
722 1973 790 2022 ante
805 1982 909 2022 omnes
921 1963 1083 2021 exterritus
1095 1963 1225 2033 Arruns,

390 2056 513 2116 Letitid
526 2059 676 2134 mixtoque
690 2069 771 2116 metu
786 2076 793 2127 ;
816 2077 873 2115 neo
890 2059 953 2133 jam
965 2055 1091 2134 amplius
1106 2055 1200 2114 hasta

390 2149 539 2223 Credere,
555 2171 612 2210 nec
626 2153 694 2210 telis
708 2170 870 2209 occurrere
884 2151 1008 2229 virginis
1022 2149 1121 2207 audet.

389 2246 437 2304 Ac
450 2245 531 2303 velut
546 2245 605 2318 ille,
622 2245 704 2323 prius
719 2244 806 2322 qudm
819 2245 881 2303 tela
894 2245 1015 2303 inimica
1027 2248 1203 2319 sequantur,

390 2335 541 2396 Continuo
556 2338 587 2396 in
601 2347 716 2397 montes
729 2358 797 2396 sese
812 2339 897 2396 evius
911 2338 1022 2395 abdidit
1037 2338 1123 2407 altos,
1249 2397 1254 2408 ,
1322 2339 1381 2396 810

388 2431 500 2490 Occiso
515 2440 646 2510 pastore,
662 2433 760 2508 lupus,
777 2451 924 2509 magnove
941 2432 1083 2507 juvenco,

390 2525 540 2588 Conscius
555 2528 678 2586 audacis
692 2529 772 2599 secti,
789 2527 977 2604 caudamque
991 2527 1161 2589 remulcens

389 2621 522 2697 Subjecit
537 2621 715 2699 pavitantem
730 2630 827 2692 utero,
843 2621 995 2698 silvasque
1010 2620 1130 2697 petivit:

387 2711 482 2772 Haud
497 2733 586 2772 secus
599 2732 636 2770 ex
651 2712 746 2772 oculis
760 2733 792 2770 se
806 2713 943 2772 turbidus
957 2713 1077 2772 abstulit
1090 2715 1218 2785 Arruns,

388 2803 619 2882 Contentusque
633 2804 716 2883 sugit,
731 2807 837 2865 mediis
851 2825 884 2864 se
898 2807 1057 2865 immiscuit
1070 2806 1171 2866 armis.
1319 2808 1378 2866 815

428 2897 484 2955 llla
498 2917 587 2956 menn
602 2901 731 2956 moriens
744 2899 837 2957 telum
850 2900 940 2958 trahit
955 2918 964 2969 ;
988 2919 1058 2958 osse
1071 2899 1125 2958 sed
1142 2899 1220 2958 inter

387 2989 520 3049 Ferreus
534 2991 572 3048 ed
587 3000 687 3050 costes
701 2993 761 3049 ulto
775 3001 835 3050 stet
849 2993 972 3051 vulnere
986 3012 1099 3052 mucro.

386 3081 515 3142 Labitur
528 3085 700 3163 exsanguis,
716 3086 858 3144 labuntur
868 3084 979 3164 ‘frigida
992 3087 1052 3146 leto

385 3175 516 3236 Lumine
532 3196 540 3247 ;
564 3197 731 3255 purpureus
745 3179 894 3256 quondam
907 3181 992 3238 color
1003 3199 1059 3238 ora
1071 3180 1202 3257 reliquit.

385 3271 466 3332 Tum
479 3274 523 3332 sic
538 3273 693 3351 exspirans
706 3276 832 3346 Accam,
849 3294 887 3332 ex
901 3277 1068 3352 equalibus
1081 3295 1182 3348 unam,
1317 3278 1380 3336 820

385 3366 566 3443 Alloquitur,
583 3367 643 3424 lida
657 3376 726 3425 ante
741 3368 817 3425 alias
831 3387 898 3444 quie
913 3369 979 3427 sola
992 3366 1141 3440 Camillis,

385 3458 520 3528 Quicum
534 3461 636 3538 partiri
650 3481 740 3519 curas
757 3481 764 3530 ;
789 3471 880 3539 atque
894 3463 960 3521 bec
974 3463 1017 3522 ita
1030 3463 1127 3523 fatur:

384 3551 555 3627 Hactenus,
571 3557 657 3613 Acce
671 3575 767 3626 soror,
784 3557 886 3632 potui:
908 3541 993 3616 nunc
1003 3537 1116 3615 vulnus'
1123 3557 1269 3617 acerbum

385 3644 526 3720 conficit,
542 3657 571 3706 et
585 3648 718 3706 tenebris
732 3649 908 3726 nigrescunt
920 3651 1020 3708 omnia
1032 3650 1154 3710 circum.

384 3739 505 3818 Effuge,
523 3750 552 3799 et
566 3741 631 3800 baec
646 3740 750 3800 Turno
764 3743 906 3801 mandata
917 3743 1079 3802 novissime
1092 3743 1213 3822 perfer:
1315 3745 1375 3804 ⁸25

383 3835 533 3894 Succedat
547 3854 665 3913 pugnes,
681 3835 891 3912 Trojanosque
906 3845 1008 3896 arceat
1023 3839 1107 3896 urbe.

380 3927 511 4003 Jamque
526 3929 602 3987 vale.
646 3929 739 3988 Simul
753 3929 801 3988 his
814 3928 901 3988 dictis
914 3931 1068 4007 linquebat
1081 3932 1226 4004 habenas,

381 4021 429 4079 Ad
443 4030 555 4079 terram
569 4041 628 4079 non
643 4031 748 4100 sponte
763 4023 869 4082 fluens.
910 4025 990 4084 Tum
1004 4025 1113 4103 frigida
1126 4033 1189 4084 toto

382 4112 529 4171 Paulatim
544 4115 669 4174 exsolvit
683 4135 716 4174 se
730 4136 868 4195 corpore,
883 4118 1025 4195 lentaque
1039 4121 1119 4178 colla

381 4203 421 4264 Et
435 4214 555 4282 ceptum
569 4208 628 4266 leto
642 4211 741 4288 posuit
755 4220 857 4288 caput,
873 4231 958 4276 arma
970 4213 1143 4291 relinquens
1156 4232 1165 4283 3
1204 4234 1208 4244 ¹
1312 4217 1372 4274 880

382 4299 512 4375 Vitsque
526 4319 595 4359 cum
608 4303 720 4380 gemitu
734 4304 810 4382 fugit
823 4305 977 4385 indigesta
990 4309 1046 4367 sub
1060 4309 1192 4368 umbras.
